2408 4252
481 410 519 450 IN
532 408 719 451 murorum.

173 550 218 608 At
231 549 325 609 dulcis
339 551 445 628 conjux
459 548 534 609 secla
547 549 624 607 inter
638 547 733 607 lucida
747 547 850 605 florum

175 653 317 713 Mollibus
331 653 464 732 invigilet
478 653 564 721 curiS,
576 652 625 711 ubi
640 651 719 711 dives
732 661 831 730 opacat

176 757 288 816 Umbra
301 767 386 827 toros,
400 767 570 836 myrtusque
583 756 667 824 viret,
682 755 819 833 dubiique
832 755 949 814 rubores

176 861 347 920 Nascrmtur
360 860 452 930 violis,
467 872 497 920 et
510 880 541 920 se
554 880 652 918 crocus
664 858 761 918 induit
775 879 852 932 auro.

176 963 246 1024 Post
260 974 368 1034 autem,
382 963 565 1044 rupto’fatuli
579 963 697 1032 foedere,
711 962 803 1022 tristis

177 1067 270 1127 Exilii
282 1088 384 1146 poenas
397 1068 555 1128 subeuntes
568 1087 637 1127 rurs
649 1075 804 1146 peragrant

177 1170 244 1231 Solu
257 1171 345 1231 simul
357 1171 471 1251 trepido
483 1191 594 1250 gressu,
609 1171 794 1250 ambiguique
808 1171 928 1231 vietum.

176 1275 291 1335 Limina
304 1275 481 1354 dilectasque
494 1275 591 1335 domos
604 1273 705 1335 feralia
719 1273 841 1334 flammis

177 1378 250 1438 Tela
261 1379 360 1439 nitent
374 1379 481 1439 cneum
494 1390 525 1439 et
538 1399 619 1438 saevoe
631 1377 794 1439 formidinis
806 1399 871 1439 ore:

178 1481 250 1542 Tam
265 1481 344 1542 facili
357 1481 448 1561 polles
461 1481 578 1542 cithare
590 1481 793 1552 moderamine,
807 1492 891 1541 tauto

177 1585 308 1644 Numine
321 1585 483 1654 verborum,
496 1585 696 1664 variarumque
705 1586 795 1646 ubere
807 1605 905 1647 rerum

177 1687 313 1767 Ingenio:
336 1709 403 1767 ergo
416 1689 526 1749 animos
539 1688 670 1768 quaednm
684 1688 782 1749 divina
793 1688 927 1768 voluptas

177 1791 316 1871 Percipit,
330 1803 381 1851 aut
394 1793 521 1872 trepidos
534 1813 635 1853 sensus
647 1792 808 1871 perlabitur
821 1792 920 1854 horror

176 1894 312 1966 Intimus,
327 1906 378 1955 aut
390 1916 459 1955 vero
471 1896 596 1975 perculsi
608 1907 725 1975 pectora
737 1896 820 1956 luctu

178 1997 321 2059 solvimur
334 2001 365 2058 in
379 2000 519 2078 lacrymas
532 2012 640 2068 tecum,
653 2009 684 2060 et
697 2000 907 2061 miserescimus
920 2002 1006 2063 ultrc',

212 2102 310 2172 Salve,
324 2115 423 2163 sancta
435 2104 508 2162 mihi
520 2103 613 2172 sedes,
626 2114 729 2183 tuque,
744 2104 830 2163 unice
843 2115 933 2176 vates,

178 2205 412 2287 Extructumque
426 2207 515 2267 decus
528 2206 646 2277 tumuli,
660 2218 690 2267 et
703 2208 856 2268 simulacra
869 2211 988 2269 verendi

177 2308 242 2387 Ipso
255 2311 343 2380 senis,
357 2311 489 2389 laurique
503 2331 601 2381 comae,
615 2321 646 2371 et
659 2320 694 2371 tu
707 2312 835 2371 muneris
849 2324 948 2373 auctor

178 2412 305 2492 Egregii.
346 2414 442 2474 Tanto
454 2416 600 2495 signatum
614 2415 730 2475 nornine
742 2436 866 2476 marmor

178 2516 319 2576 Securum
332 2518 420 2578 decus
432 2528 463 2579 et
477 2539 553 2579 seros
566 2519 620 2578 sibi
633 2519 761 2596 vindicet
775 2541 872 2580 annos.
