2408 4252
479 406 727 449 commortuum.

173 545 273 606 Nemo
285 567 371 626 sognx
385 547 476 624 magis
489 557 533 606 est
547 545 726 624 exploratore
739 546 887 614 novorum,

216 651 292 709 Cum
306 652 381 710 vitro
393 651 425 709 in
439 671 508 710 naso
520 660 625 728 gestet,
639 650 731 708 inore
745 650 865 709 tubum:

174 751 235 812 His
248 752 358 832 pollens
372 755 467 824 armis,
481 755 526 813 his
539 753 728 832 adjutricibus
741 753 837 820 armis,

213 856 323 916 Arcani
335 857 410 916 nihil
423 868 476 927 est,
491 857 567 936 quod
580 857 710 916 subolere
722 856 834 934 nequit.

172 958 356 1038 Adjumento
368 960 445 1020 domi
457 962 519 1020 haeo
531 960 555 1020 si
570 961 627 1018 fors
640 960 760 1019 fortasse
772 958 927 1037 relinquat,

214 1063 337 1122 Frustra
349 1065 403 1123 sub
416 1063 513 1123 cubito
526 1063 613 1122 biblio
626 1072 722 1141 portat
735 1082 823 1121 onus:

174 1165 295 1226 Excidit
308 1187 344 1227 ex
358 1166 463 1235 animo,
477 1166 619 1244 nihilique
632 1176 675 1224 est
689 1167 786 1224 oonoio
798 1176 860 1225 toto

213 1269 257 1327 Ni
271 1281 358 1348 ceput
371 1279 401 1329 et
414 1289 539 1338 versum,
553 1289 650 1328 secum
663 1270 761 1338 habet,
774 1269 854 1328 unde
866 1281 957 1330 notet.

173 1372 277 1431 Induit
290 1373 410 1433 alternis
423 1371 586 1452 psalmodus
599 1383 630 1431 et
643 1372 726 1430 exuit
738 1371 814 1431 infra

213 1474 354 1544 Clericus,
369 1475 489 1534 alternis
501 1487 535 1534 ut
547 1475 636 1553 leget,
652 1485 741 1553 utque
754 1486 847 1535 const.

175 1575 310 1638 Pollioo‘l
328 1589 399 1639 tuno
411 1579 514 1638 hebuit
526 1599 675 1658 suspenso,
689 1578 804 1657 obliquo
816 1581 913 1640 tuenti

213 1682 289 1741 Cum
301 1683 418 1742 niveum
432 1682 559 1742 ostendit
572 1683 700 1761 nympha
713 1703 812 1761 soporo
825 1684 930 1742 sinum.

173 1785 301 1845 Lumina
313 1786 361 1844 cui
373 1784 523 1863 languent,
538 1785 638 1844 multis
651 1785 825 1845 hebetantur
838 1798 868 1847 et
882 1789 975 1857 annis,

213 1889 346 1962 Quotuor
359 1900 394 1948 ut
407 1889 488 1957 fiant,
502 1889 589 1949 addat
602 1891 639 1948 ob
652 1900 713 1949 erte
727 1890 792 1950 duo.

175 1993 235 2066 Qui
248 1992 313 2052 vult
325 2003 454 2072 argutus,
468 1993 518 2071 qui
532 1992 596 2052 vult
609 1993 739 2052 oculatus
751 1994 859 2066 haberi,

211 2096 249 2155 In
263 2096 357 2175 cupite
369 2096 417 2154 hio
429 2097 525 2155 oculos
537 2106 641 2174 gestet,
656 2107 685 2155 et
699 2097 730 2154 in
742 2097 844 2158 loculo.

204 2309 216 2343 ἅ
233 2311 296 2361 Vide
311 2310 428 2376 picturam
440 2313 496 2361 Gul.
508 2311 624 2376 Hogarth,
636 2328 689 2376 quae
705 2312 806 2378 sopitam
822 2313 965 2380 lepidissime
979 2318 1018 2367 de-

175 2393 253 2443 scribit
265 2393 477 2458 congregationem.
