2408 4252
473 409 580 450 ennon
595 410 731 450 norum.
985 396 1022 454 91

174 543 331 604 Darbaeum
344 548 387 605 en'
395 547 527 605 vetulum
541 548 640 608 vetula
653 569 720 608 cum
734 551 870 627 conjuge!
891 551 981 610 vitam

215 649 312 720 Quam
325 650 436 728 placide
450 650 597 709 infirmum
610 672 672 729 par,
687 661 717 710 et
731 662 861 710 amanter
874 656 982 730 agunt!

176 752 272 811 Blaesa
285 753 337 811 illa
349 764 394 812 est
407 752 505 822 oculis,
520 764 551 813 et
564 774 646 813 crura
658 754 831 832 hydropicus
844 754 894 813 ille

213 857 276 916 Vix
290 858 399 928 trahit;
420 868 450 917 at
462 857 542 916 letho
555 857 648 934 majus
661 858 759 916 abesse
773 857 882 916 malum
895 869 948 924 est.

177 961 330 1021 Gressibus
343 960 478 1019 invalidis
491 962 596 1036 conjux
610 981 675 1018 curn
689 961 811 1038 conjuge
818 965 925 1039 'reptat'
929 984 938 1031 3

214 1063 279 1124 Aut
293 1063 380 1123 simul
392 1064 523 1142 apricans
535 1063 663 1122 considet
677 1072 745 1121 ante
758 1063 835 1122 fores
840 1085 850 1133 3
940 1070 942 1075 '

178 1169 308 1246 Cumque
321 1166 372 1227 ille
385 1178 547 1226 extremum
564 1165 660 1243 cyathi
675 1164 868 1243 desumpserit
880 1165 1026 1235 haustum,

215 1270 355 1348 Deponit,
369 1280 447 1329 certa
460 1270 536 1347 lege·
549 1269 570 1326 J
570 1271 661 1328 oanna
674 1264 788 1327 tublrm.

180 1475 253 1534 Cum
266 1473 349 1532 nulla
362 1475 474 1544 utrivis,
488 1475 631 1553 quiequid·
639 1474 783 1553 delinquit
797 1476 916 1544 utervis,

216 1579 350 1656 Corporis
364 1589 502 1637 excusent
516 1578 662 1655 ingeniive
675 1579 767 1646 bona3

180 1681 258 1752 Quas
272 1702 333 1740 esse
347 1691 399 1739 aut
412 1680 587 1740 illi-veneres
601 1691 652 1741 aut
665 1681 782 1759 conjicis
795 1680 860 1738 illi?

217 1783 305 1842 Unde
319 1783 362 1852 fit,
377 1783 496 1842 alterius
509 1789 569 1842 tam
584 1784 622 1842 sit
635 1794 670 1842 ut
683 1783 757 1842 alter
769 1787 890 1842 amans?

179 1883 273 1944 Dulce
286 1884 428 1944 recordari
441 1895 486 1944 est
499 1896 576 1944 actos
589 1886 712 1944 feliciter
724 1907 823 1955 annos,
914 1947 919 1955 ,

216 1986 313 2060 Quam
326 1988 433 2046 sensim
446 1986 597 2046 adcanam
610 2008 783 2047 consenuere
797 1988 901 2059 fidem;

179 2089 250 2148 Inde
264 2110 378 2149 sacrum
391 2089 497 2158 foedus,
512 2089 650 2168 firmoque
664 2101 708 2149 est
722 2091 828 2170 copula⁴
836 2112 934 2162 nexu;

196 2212 198 2217 ·
217 2193 286 2264 Qua
299 2192 403 2252 melius
416 2193 501 2253 terris
515 2192 556 2250 dii
568 2194 698 2258 tribuere
711 2194 793 2253 nihil.

178 2398 310 2476 Longum
324 2399 385 2467 illa,
399 2399 431 2456 in
444 2398 573 2476 longum,
587 2419 651 2477 quae
664 2399 745 2459 nulla
758 2400 915 2461 aboleverit
930 2413 1007 2470 oetas,

215 2500 367 2580 Nullaque
380 2502 544 2560 morborum
554 2501 608 2570 vis,
621 2513 808 2561 monumenta
820 2515 955 2565 manent:

181 2604 314 2683 Namque
328 2604 413 2664 decor
427 2604 514 2662 simul
527 2605 619 2662 omnis
632 2605 712 2663 abest
726 2616 756 2664 et
769 2607 861 2683 gratia
874 2607 990 2678 formae3

217 2707 334 2786 Fitque,
349 2707 427 2786 quod
434 2708 533 2766 'etatis
546 2688 647 2777 restat,
662 2709 764 2767 amoris
776 2709 895 2786 hyems;

181 2809 288 2868 Crescit
302 2810 436 2868 amicitie
449 2810 544 2869 suavis
557 2810 760 2887 reputantibus
773 2831 852 2879 usus,

216 2912 314 2983 Quom
328 2912 374 2971 vel
388 2912 483 2972 adhuc
496 2912 572 2989 grati
584 2908 749 2990 praeteriere
763 2912 832 2972 dies.

182 3012 309 3092 Quaeque
322 3013 462 3073 retardari
474 3025 595 3091 possunt
609 3034 660 3092 per
673 3014 754 3073 nulla
767 3026 890 3075 senectae

216 3117 345 3195 Frigora,
358 3127 499 3195 perpetuo
512 3116 617 3195 gaudia
629 3117 710 3176 fonte
724 3116 828 3176 fluunt.
