2408 4252
450 414 582 455 cannas
596 414 746 455 ossanna.
969 395 1021 455 231

175 553 393 613 Vatibus--hoc
407 573 498 612 unum
511 554 582 612 satis
596 564 639 614 est
653 573 830 631 eognosoere‚
844 554 921 631 quod
935 575 992 615 non

175 656 334 725 Incassum,
349 658 498 736 velutique
512 657 577 735 ipsi,
592 668 694 716 natura
706 656 824 717 laborat.

215 759 314 831 Quare
326 781 389 838 age,
404 781 468 838 quae
482 780 568 821 sensu
582 761 692 819 fuerint
705 761 797 838 magis
810 761 902 829 obvia,
916 782 1029 822 meeum

177 863 328 942 conspice,
343 884 396 923 nec
410 884 508 923 causas
521 884 618 922 rerum
632 875 759 923 scrutare
771 867 918 943 repos'tas.

217 967 295 1027 Ecce
309 967 482 1046 superficies,
496 987 582 1046 quam
595 967 739 1045 quondam
752 968 873 1046 ingloria
885 969 992 1028 nudam

179 1073 290 1131 Vestiit
304 1071 414 1140 albedo,
429 1092 483 1130 eeu
497 1071 578 1129 mille
591 1071 731 1130 coloribus
746 1071 801 1130 Iris

179 1177 306 1244 Imbuta,
320 1185 447 1235 ostentat
460 1175 531 1234 varii
545 1174 711 1234 discrimino
724 1175 794 1243 fuci,

179 1279 398 1356 Luxuriemque
410 1297 523 1346 novam,
536 1277 674 1354 lautaque
686 1276 817 1354 superbit
831 1278 948 1336 amictu.

179 1382 283 1439 Cernis
296 1391 330 1441 ut
344 1381 452 1458 incepit
465 1380 546 1439 nullo
559 1380 710 1439 flavescere
723 1380 803 1438 cultu

182 1484 340 1562 Extemplo
352 1494 465 1544 matura
479 1504 578 1562 seges3
596 1484 657 1561 jam
671 1504 759 1543 suave
771 1484 909 1542 rubentes

181 1588 261 1647 Area
274 1598 375 1666 sponte
389 1608 441 1648 sua
453 1586 552 1646 fundit
565 1587 620 1645 tibi
636 1586 755 1652 Doedals
768 1585 859 1644 flores.

184 1692 244 1750 Hic
257 1690 332 1750 mole
346 1693 452 1769 exigua
465 1701 569 1760 turres,
583 1691 774 1768 simulataque
787 1691 899 1767 magnis

184 1795 276 1854 Tecta
289 1807 411 1872 angusta
424 1795 521 1853 vides:
543 1794 594 1853 sed
607 1814 696 1872 prono
708 1795 817 1853 vertioe
830 1794 918 1853 turris

185 1898 319 1978 Desuper
332 1899 502 1977 impendens
515 1909 610 1966 nutat,
624 1917 813 1976 summusque
825 1898 957 1957 deorsum

186 2002 291 2079 Vergit
305 2022 395 2080 apex:
418 2001 519 2060 oaelum
532 2001 662 2060 subsedit
675 2002 712 2059 ad
725 2002 782 2061 ima
795 2001 918 2069 tabellae,

186 2104 307 2164 Summa
320 2116 423 2184 petens
436 2105 553 2164 emersit
566 2106 687 2163 humus:
710 2105 751 2164 sio
764 2105 888 2164 rusticus
901 2104 968 2163 olim

187 2209 317 2268 Credidit
331 2208 499 2286 antipodum
513 2227 627 2266 sursum
639 2208 762 2285 vestigia
774 2207 840 2274 niti,

188 2312 382 2390 Impositoque
395 2313 503 2370 hoerere
516 2310 595 2381 solo;
616 2311 737 2370 miratus
749 2310 874 2378 abunde,

188 2416 276 2488 Quod
289 2436 346 2474 non
360 2415 503 2493 praeoipiti
516 2414 598 2491 lapsu
612 2424 692 2492 petat
706 2412 796 2471 ardua
809 2412 870 2471 caeli

190 2517 323 2578 Pendula
335 2519 421 2577 turba
433 2537 530 2585 ruens,
545 2517 731 2594 subjectaque
744 2515 838 2574 sidem
850 2515 957 2593 pulset.

231 2622 291 2680 Hic
303 2622 391 2681 etism
405 2631 524 2688 motum,
539 2640 625 2697 quem
638 2640 696 2679 uon
709 2629 754 2679 est
767 2639 854 2677 ansus
867 2616 989 2696 Apelles

192 2725 301 2794 Moliri,
315 2726 426 2803 pictum
440 2725 567 2803 aspioias.
610 2723 653 2782 Ut
666 2723 796 2801 gramina
809 2721 905 2781 flabris

193 2829 313 2888 Summa
327 2840 465 2897 tremunt,
480 2828 648 2905 nudantque
661 2826 719 2884 levi
732 2824 893 2884 sinuamine
908 2825 1029 2883 fluctus!

192 2934 313 2991 Mimica
327 2953 404 2991 nunc
417 2932 566 2990 hominum
579 2931 694 3008 effigies,
710 2950 788 2988 nuno
801 2931 899 2989 charta
912 2931 1037 2989 ferarum

193 3036 341 3094 Mentitur
353 3035 505 3094 simulacra
518 3033 609 3092 modis
622 3033 773 3092 volitantia
786 3033 874 3091 miris.

193 3139 334 3198 Certatim
348 3148 501 3216 properant
515 3148 618 3196 tenues
633 3157 773 3196 arcessere
787 3137 871 3204 vitas,

195 3242 350 3319 Progenies
363 3241 517 3310 hodierna;
539 3251 569 3298 et
582 3240 707 3319 plurima
720 3241 810 3318 spirat
823 3240 926 3316 imago,

194 3346 379 3424 Miraturque
392 3365 480 3403 novas
493 3345 608 3413 formas,
623 3354 652 3402 et
666 3363 723 3402 non
737 3363 789 3402 sua
801 3343 936 3400 membra.
