2408 4252
413 433 589 473 nnmenrro
603 433 645 472 An
661 432 783 472 noenu.
974 411 1028 470 125

176 573 271 632 Roma
284 573 449 632 recensebat
462 572 561 650 plures
575 572 629 629 sub
644 571 755 629 Caesare
769 591 873 648 gazas:

176 676 261 747 Quot
271 696 403 754 eampum
418 675 581 753 agminibus
594 676 694 753 stipet,
705 695 761 753 quo
771 673 903 742 fulmine,
916 674 1032 752 quantis

177 779 238 838 Per
250 799 328 838 mare
342 778 461 838 diffusas
474 778 577 837 classes
591 779 748 837 terroribus
763 782 864 847 armet,
904 770 906 772 ’

176 882 223 942 Et
237 893 288 941 tus
300 903 387 961 quern
401 881 460 940 late
475 881 583 960 pandat
597 881 703 941 vexilla
715 900 767 960 per
780 882 886 940 orbem.

177 985 286 1044 Clausa
298 985 366 1044 lieet
379 995 470 1044 terras
484 985 584 1063 spatiis
597 985 784 1055 brevioribus,
800 984 901 1054 udum,

177 1090 250 1162 Qua
263 1100 369 1174 pontus
382 1100 464 1168 patet
478 1110 569 1168 usque
584 1091 681 1148 ambos
694 1100 843 1168 porrectus
856 1087 893 1147 ad
907 1089 1005 1157 Indos,

177 1192 328 1251 Vendieat
341 1193 512 1271 imperium:
535 1214 589 1251 nee
603 1194 718 1271 possim,
733 1204 766 1251 ut
782 1192 883 1263 Roma,
898 1194 1006 1272 rapinis

178 1293 290 1352 Omnia
304 1295 452 1362 diversans,
467 1296 553 1354 armis
566 1316 618 1354 sus
631 1297 711 1354 furta
723 1306 834 1365 tuetur,

178 1380 290 1455 Audax
304 1398 480 1475 grassatrix;
502 1397 553 1457 sed
567 1398 649 1456 cultu
663 1399 762 1458 divitis
777 1401 837 1457 arvi

179 1501 354 1569 Proventus,
369 1502 521 1580 peregrino
535 1522 611 1570 auro,
627 1502 750 1580 telisque
764 1503 873 1562 labores

180 1605 285 1664 Mutat
299 1604 429 1674 lanificae,
443 1605 554 1664 vestire*
564 1617 594 1664 et
608 1627 725 1685 pascere
738 1618 840 1685 gentes

178 1708 265 1767 Laeta
277 1709 378 1786 magis,
392 1729 478 1786 quum
493 1710 522 1766 vi
536 1709 655 1779 nudare,
669 1721 698 1768 et
713 1711 833 1788 perdere
845 1711 929 1771 ferro.

224 1915 297 1974 Esto
309 1917 374 1985 tibi,
389 1938 406 1975 o
419 1916 562 1975 libertatis
575 1917 768 1995 pulcherrima
781 1917 873 1986 sedes,

183 2017 252 2077 Sors
265 2019 375 2088 melior,
390 2018 500 2078 nescire
514 2030 544 2078 et
558 2020 619 2078 fate
633 2030 663 2078 et
677 2020 796 2079 crimina
811 2020 921 2090 Romae,

183 2121 240 2180 Oui
254 2122 381 2182 studiosa
394 2122 500 2200 dapum
515 2124 672 2192 inventrix,
687 2134 717 2182 et
731 2124 849 2204 prodigo
863 2146 968 2185 mensae

184 2227 340 2297 Luxuries,
354 2238 384 2286 et
398 2228 478 2306 eopia
491 2228 578 2296 iners,
593 2228 714 2305 visuque
728 2228 816 2287 libido

185 2330 340 2399 Obseoena,
355 2330 514 2389 intantum
528 2351 630 2389 nervos
644 2331 811 2409 animosque
824 2333 951 2402 resolvit,

186 2433 322 2511 Degener
336 2445 370 2493 ut
383 2454 499 2513 prorsus
513 2455 634 2502 morum,
649 2434 840 2512 foecundaque
853 2435 956 2514 eulpae,

187 2537 306 2597 Servitii
319 2537 445 2617 pretiosa
459 2537 595 2615 emptrix,
610 2538 781 2616 plebemque
793 2549 947 2617 patresque

188 2644 341 2722 Corrupto,
356 2654 386 2701 et
401 2644 506 2702 discors
519 2645 614 2713 armis,
629 2656 659 2702 et
673 2629 786 2722 perdita
799 2646 881 2714 luxu,

189 2746 335 2806 corruerit
349 2747 456 2805 victrix
469 2747 555 2816 orbis,
569 2767 721 2824 rerumque
735 2749 836 2824 potita.

226 2951 254 3010 Ο
267 2956 367 3032 pater!
389 2975 406 3012 o
418 2955 552 3033 princeps
565 2956 571 3011 l
593 2975 647 3012 nee
659 2956 768 3013 fmstra
781 2966 895 3014 assuete
909 2956 1020 3014 vocari:

191 3056 279 3126 Audi,
293 3059 471 3117 obtestamur
484 3058 722 3135 majestatemque
736 3057 881 3136 fidemque

191 3155 397 3238 virtutemque
410 3168 501 3228 tuam,
515 3161 654 3238 nobisque
667 3172 765 3220 averte
778 3161 917 3220 malorum

194 3259 276 3321 Hane
289 3262 393 3322 faciem
404 3285 413 3332 ;
435 3263 496 3341 ipse
511 3262 581 3321 adeo
594 3262 693 3340 procul
707 3264 870 3323 ambitionis
883 3265 919 3323 ab
932 3274 1028 3332 oestro,
