<?xml version="1.0" encoding="UTF-8"?>
<!DOCTYPE html PUBLIC "-//W3C//DTD XHTML 1.0 Transitional//EN"
    "http://www.w3.org/TR/xhtml1/DTD/xhtml1-transitional.dtd">
<html xmlns="http://www.w3.org/1999/xhtml" xml:lang="en" lang="en">
 <head>
  <title>
</title>
<meta http-equiv="Content-Type" content="text/html;charset=utf-8" />
  <meta name='ocr-system' content='tesseract 3.04.00' />
  <meta name='ocr-capabilities' content='ocr_page ocr_carea ocr_par ocr_line ocrx_word'/>
</head>
<body>
  <div class='ocr_page' id='page_1' title='image "./poematalatinepa00bourgoog_0302.png"; bbox 0 0 2408 4252; ppageno 0'>
   <div class='ocr_carea' id='block_1_1' title="bbox 195 406 908 495">
    <p class='ocr_par' dir='ltr' id='par_1_1' title="bbox 195 406 908 495">
     <span class='ocr_line' id='line_1_1' title="bbox 195 406 908 495; baseline -0.004 -26"><span class='ocrx_word' id='word_1_1' title='bbox 195 429 323 470; x_wconf 76' lang='lat' dir='ltr'>MAGNAS</span> <span class='ocrx_word' id='word_1_2' title='bbox 339 429 508 470; x_wconf 72' lang='lat' dir='ltr'>mmmmm</span> <span class='ocrx_word' id='word_1_3' title='bbox 525 428 629 466; x_wconf 70' lang='lat' dir='ltr'>umens</span> <span class='ocrx_word' id='word_1_4' title='bbox 644 425 767 495; x_wconf 70' lang='lat' dir='ltr'>uuuou.</span> <span class='ocrx_word' id='word_1_5' title='bbox 849 406 908 466; x_wconf 79' lang='lat'>269</span> 
     </span>
    </p>
   </div>
   <div class='ocr_carea' id='block_1_2' title="bbox 176 794 790 908">
    <p class='ocr_par' dir='ltr' id='par_1_2' title="bbox 176 794 790 908">
     <span class='ocr_line' id='line_1_2' title="bbox 176 794 790 908; baseline 0.002 -24"><span class='ocrx_word' id='word_1_6' title='bbox 176 794 307 886; x_wconf 68' lang='lat' dir='ltr'>mesu</span> <span class='ocrx_word' id='word_1_7' title='bbox 329 826 413 884; x_wconf 70' lang='lat' dir='ltr'>suu</span> <span class='ocrx_word' id='word_1_8' title='bbox 433 825 600 908; x_wconf 67' lang='lat' dir='ltr'>uerum</span> <span class='ocrx_word' id='word_1_9' title='bbox 621 824 790 905; x_wconf 68' lang='lat' dir='ltr'>rueme.</span> 
     </span>
    </p>
   </div>
   <div class='ocr_carea' id='block_1_3' title="bbox 58 983 871 1578">
    <p class='ocr_par' dir='ltr' id='par_1_3' title="bbox 58 983 871 1578">
     <span class='ocr_line' id='line_1_3' title="bbox 58 983 775 1061; baseline -0.001 -19"><span class='ocrx_word' id='word_1_10' title='bbox 58 986 238 1042; x_wconf 73' lang='lat' dir='ltr'>Bmmron</span> <span class='ocrx_word' id='word_1_11' title='bbox 251 985 324 1043; x_wconf 89' lang='lat' dir='ltr'>furit</span> <span class='ocrx_word' id='word_1_12' title='bbox 337 983 451 1060; x_wconf 76' lang='lat' dir='ltr'>exiguis</span> <span class='ocrx_word' id='word_1_13' title='bbox 465 983 620 1061; x_wconf 86' lang='lat' dir='ltr'>Pygmaeus</span> <span class='ocrx_word' id='word_1_14' title='bbox 633 983 664 1039; x_wconf 91' lang='lat' dir='ltr'>in</span> <span class='ocrx_word' id='word_1_15' title='bbox 678 983 775 1050; x_wconf 82' lang='lat' dir='ltr'>armis,</span> 
     </span>
     <span class='ocr_line' id='line_1_4' title="bbox 100 1085 668 1165; baseline -0.002 -20"><span class='ocrx_word' id='word_1_16' title='bbox 100 1088 140 1146; x_wconf 86' lang='lat' dir='ltr'>Et</span> <span class='ocrx_word' id='word_1_17' title='bbox 155 1088 237 1146; x_wconf 84' lang='lat' dir='ltr'>tenui</span> <span class='ocrx_word' id='word_1_18' title='bbox 250 1088 370 1146; x_wconf 78' lang='lat' dir='ltr'>infestas</span> <span class='ocrx_word' id='word_1_19' title='bbox 383 1087 501 1165; x_wconf 84' lang='lat' dir='ltr'>cuspide</span> <span class='ocrx_word' id='word_1_20' title='bbox 515 1085 579 1163; x_wconf 84' lang='lat' dir='ltr'>figit</span> <span class='ocrx_word' id='word_1_21' title='bbox 587 1102 668 1144; x_wconf 65' lang='lat' dir='ltr'>&#39;avem</span> 
     </span>
     <span class='ocr_line' id='line_1_5' title="bbox 59 1189 847 1268; baseline -0.01 -17"><span class='ocrx_word' id='word_1_22' title='bbox 59 1193 200 1251; x_wconf 91' lang='lat' dir='ltr'>Securum</span> <span class='ocrx_word' id='word_1_23' title='bbox 215 1203 313 1250; x_wconf 85' lang='lat' dir='ltr'>tamen</span> <span class='ocrx_word' id='word_1_24' title='bbox 326 1192 404 1248; x_wconf 88' lang='lat' dir='ltr'>hune</span> <span class='ocrx_word' id='word_1_25' title='bbox 418 1200 535 1268; x_wconf 82' lang='lat' dir='ltr'>praestat</span> <span class='ocrx_word' id='word_1_26' title='bbox 549 1200 694 1248; x_wconf 82' lang='lat' dir='ltr'>contrecta</span> <span class='ocrx_word' id='word_1_27' title='bbox 708 1189 808 1267; x_wconf 81' lang='lat' dir='ltr'>figura,</span> <span class='ocrx_word' id='word_1_28' title='bbox 844 1236 847 1243; x_wconf 90' lang='lat'><em>.</em></span> 
     </span>
     <span class='ocr_line' id='line_1_6' title="bbox 100 1291 871 1361; baseline -0.003 -9"><span class='ocrx_word' id='word_1_29' title='bbox 100 1296 159 1354; x_wconf 82' lang='lat' dir='ltr'>Seu</span> <span class='ocrx_word' id='word_1_30' title='bbox 175 1315 234 1353; x_wconf 82' lang='lat' dir='ltr'>sors</span> <span class='ocrx_word' id='word_1_31' title='bbox 247 1294 365 1352; x_wconf 64' lang='lat' dir='ltr'>aduersa</span> <span class='ocrx_word' id='word_1_32' title='bbox 378 1303 432 1361; x_wconf 79' lang='lat' dir='ltr'>est,</span> <span class='ocrx_word' id='word_1_33' title='bbox 447 1294 506 1350; x_wconf 88' lang='lat' dir='ltr'>sive</span> <span class='ocrx_word' id='word_1_34' title='bbox 520 1291 645 1351; x_wconf 85' lang='lat' dir='ltr'>secunda</span> <span class='ocrx_word' id='word_1_35' title='bbox 658 1293 745 1351; x_wconf 85' lang='lat' dir='ltr'>favet.</span> <span class='ocrx_word' id='word_1_36' title='bbox 866 1292 871 1302; x_wconf 82' lang='grc'><strong><em>’</em></strong></span> 
     </span>
     <span class='ocr_line' id='line_1_7' title="bbox 61 1395 789 1466; baseline -0.001 -10"><span class='ocrx_word' id='word_1_37' title='bbox 61 1400 90 1456; x_wconf 88' lang='lat' dir='ltr'>lt</span> <span class='ocrx_word' id='word_1_38' title='bbox 105 1400 181 1458; x_wconf 84' lang='lat' dir='ltr'>fama</span> <span class='ocrx_word' id='word_1_39' title='bbox 194 1398 230 1457; x_wconf 85' lang='lat' dir='ltr'>ad</span> <span class='ocrx_word' id='word_1_40' title='bbox 244 1397 356 1466; x_wconf 77' lang='lat' dir='ltr'>eaelum,</span> <span class='ocrx_word' id='word_1_41' title='bbox 371 1397 394 1454; x_wconf 85' lang='lat' dir='ltr'>si</span> <span class='ocrx_word' id='word_1_42' title='bbox 409 1397 499 1454; x_wconf 85' lang='lat' dir='ltr'>vietor</span> <span class='ocrx_word' id='word_1_43' title='bbox 513 1397 549 1454; x_wconf 85' lang='lat' dir='ltr'>ab</span> <span class='ocrx_word' id='word_1_44' title='bbox 562 1396 644 1454; x_wconf 87' lang='lat' dir='ltr'>hoste</span> <span class='ocrx_word' id='word_1_45' title='bbox 657 1395 789 1466; x_wconf 82' lang='lat' dir='ltr'>reeedat;</span> 
     </span>
     <span class='ocr_line' id='line_1_8' title="bbox 100 1498 694 1578; baseline -0.002 -21"><span class='ocrx_word' id='word_1_46' title='bbox 100 1501 132 1565; x_wconf 73' lang='lat' dir='ltr'>Si</span> <span class='ocrx_word' id='word_1_47' title='bbox 147 1521 214 1569; x_wconf 86' lang='lat' dir='ltr'>non,</span> <span class='ocrx_word' id='word_1_48' title='bbox 229 1500 265 1558; x_wconf 84' lang='lat' dir='ltr'>ad</span> <span class='ocrx_word' id='word_1_49' title='bbox 278 1499 379 1558; x_wconf 85' lang='lat' dir='ltr'>eaelum</span> <span class='ocrx_word' id='word_1_50' title='bbox 394 1499 487 1557; x_wconf 88' lang='lat' dir='ltr'>fertur</span> <span class='ocrx_word' id='word_1_51' title='bbox 500 1498 531 1556; x_wconf 92' lang='lat' dir='ltr'>in</span> <span class='ocrx_word' id='word_1_52' title='bbox 545 1519 593 1557; x_wconf 90' lang='lat' dir='ltr'>ore</span> <span class='ocrx_word' id='word_1_53' title='bbox 605 1499 694 1578; x_wconf 86' lang='lat' dir='ltr'>gruis.</span> 
     </span>
    </p>
   </div>
   <div class='ocr_carea' id='block_1_4' title="bbox 62 1823 908 1936">
    <p class='ocr_par' dir='ltr' id='par_1_4' title="bbox 62 1823 908 1936">
     <span class='ocr_line' id='line_1_9' title="bbox 62 1823 908 1936; baseline -0.004 -15"><span class='ocrx_word' id='word_1_54' title='bbox 62 1864 125 1921; x_wconf 78' lang='lat' dir='ltr'>ers</span> <span class='ocrx_word' id='word_1_55' title='bbox 147 1827 272 1934; x_wconf 53' lang='lat' dir='ltr'>Quou‘</span> <span class='ocrx_word' id='word_1_56' title='bbox 287 1861 369 1929; x_wconf 82' lang='lat' dir='ltr'>ms,</span> <span class='ocrx_word' id='word_1_57' title='bbox 389 1823 615 1919; x_wconf 82' lang='lat' dir='ltr'>uummuuo</span> <span class='ocrx_word' id='word_1_58' title='bbox 637 1862 700 1920; x_wconf 84' lang='lat' dir='ltr'>srs</span> <span class='ocrx_word' id='word_1_59' title='bbox 720 1862 908 1936; x_wconf 83' lang='lat' dir='ltr'>AmQum.</span> 
     </span>
    </p>
   </div>
   <div class='ocr_carea' id='block_1_5' title="bbox 63 2019 812 2407">
    <p class='ocr_par' dir='ltr' id='par_1_5' title="bbox 63 2019 812 2201">
     <span class='ocr_line' id='line_1_10' title="bbox 63 2019 812 2099; baseline 0.001 -20"><span class='ocrx_word' id='word_1_60' title='bbox 63 2021 257 2090; x_wconf 70' lang='lat' dir='ltr'>Aemcormm</span> <span class='ocrx_word' id='word_1_61' title='bbox 273 2029 416 2078; x_wconf 81' lang='lat' dir='ltr'>errantem</span> <span class='ocrx_word' id='word_1_62' title='bbox 431 2019 529 2077; x_wconf 80' lang='lat' dir='ltr'>fatuus</span> <span class='ocrx_word' id='word_1_63' title='bbox 542 2020 592 2097; x_wconf 91' lang='lat' dir='ltr'>qui</span> <span class='ocrx_word' id='word_1_64' title='bbox 606 2019 714 2099; x_wconf 79' lang='lat' dir='ltr'>decipit</span> <span class='ocrx_word' id='word_1_65' title='bbox 728 2021 812 2099; x_wconf 85' lang='lat' dir='ltr'>ignis,</span> 
     </span>
     <span class='ocr_line' id='line_1_11' title="bbox 104 2122 713 2201; baseline 0.002 -20"><span class='ocrx_word' id='word_1_66' title='bbox 104 2124 251 2184; x_wconf 84' lang='lat' dir='ltr'>Incertum</span> <span class='ocrx_word' id='word_1_67' title='bbox 265 2122 365 2181; x_wconf 91' lang='lat' dir='ltr'>lumen</span> <span class='ocrx_word' id='word_1_68' title='bbox 380 2123 439 2190; x_wconf 83' lang='lat' dir='ltr'>dut,</span> <span class='ocrx_word' id='word_1_69' title='bbox 454 2123 605 2201; x_wconf 80' lang='lat' dir='ltr'>subitoque</span> <span class='ocrx_word' id='word_1_70' title='bbox 619 2123 713 2201; x_wconf 74' lang='lat' dir='ltr'>fugit:</span> 
     </span>
    </p>

    <p class='ocr_par' dir='ltr' id='par_1_6' title="bbox 63 2225 759 2407">
     <span class='ocr_line' id='line_1_12' title="bbox 63 2225 759 2314; baseline 0.003 -30"><span class='ocrx_word' id='word_1_71' title='bbox 63 2227 171 2286; x_wconf 84' lang='lat' dir='ltr'>Nescio</span> <span class='ocrx_word' id='word_1_72' title='bbox 184 2225 254 2305; x_wconf 91' lang='lat' dir='ltr'>quid</span> <span class='ocrx_word' id='word_1_73' title='bbox 268 2225 354 2314; x_wconf 80' lang='lat' dir='ltr'>liceat</span> <span class='ocrx_word' id='word_1_74' title='bbox 367 2236 398 2283; x_wconf 88' lang='lat' dir='ltr'>te</span> <span class='ocrx_word' id='word_1_75' title='bbox 412 2225 516 2294; x_wconf 84' lang='lat' dir='ltr'>dicere,</span> <span class='ocrx_word' id='word_1_76' title='bbox 531 2225 645 2285; x_wconf 85' lang='lat' dir='ltr'>flamma</span> <span class='ocrx_word' id='word_1_77' title='bbox 654 2227 759 2304; x_wconf 80' lang='lat' dir='ltr'><strong>jocosa,</strong></span> 
     </span>
     <span class='ocr_line' id='line_1_13' title="bbox 103 2327 717 2407; baseline -0.003 -19"><span class='ocrx_word' id='word_1_78' title='bbox 103 2331 178 2396; x_wconf 80' lang='lat' dir='ltr'>Cum</span> <span class='ocrx_word' id='word_1_79' title='bbox 193 2329 278 2388; x_wconf 82' lang='lat' dir='ltr'>toties</span> <span class='ocrx_word' id='word_1_80' title='bbox 292 2327 462 2407; x_wconf 73' lang='lat' dir='ltr'>aliquidem,</span> <span class='ocrx_word' id='word_1_81' title='bbox 477 2328 620 2407; x_wconf 84' lang='lat' dir='ltr'>totiesque</span> <span class='ocrx_word' id='word_1_82' title='bbox 633 2329 717 2388; x_wconf 87' lang='lat' dir='ltr'>nihil.</span> 
     </span>
    </p>
   </div>
   <div class='ocr_carea' id='block_1_6' title="bbox 101 2683 881 2744">
    <p class='ocr_par' dir='ltr' id='par_1_7' title="bbox 101 2683 881 2744">
     <span class='ocr_line' id='line_1_14' title="bbox 101 2683 881 2744; baseline 0.005 -4"><span class='ocrx_word' id='word_1_83' title='bbox 101 2683 285 2742; x_wconf 85' lang='lat' dir='ltr'>MAGNAS</span> <span class='ocrx_word' id='word_1_84' title='bbox 307 2683 530 2742; x_wconf 81' lang='lat' dir='ltr'>TERRITAT</span> <span class='ocrx_word' id='word_1_85' title='bbox 552 2683 694 2742; x_wconf 82' lang='lat' dir='ltr'>URBES</span> <span class='ocrx_word' id='word_1_86' title='bbox 715 2684 881 2744; x_wconf 87' lang='lat' dir='ltr'><strong>RUMOR.</strong></span> 
     </span>
    </p>
   </div>
   <div class='ocr_carea' id='block_1_7' title="bbox 65 2840 921 3426">
    <p class='ocr_par' dir='ltr' id='par_1_8' title="bbox 66 2840 895 3023">
     <span class='ocr_line' id='line_1_15' title="bbox 66 2840 895 2920; baseline 0.007 -23"><span class='ocrx_word' id='word_1_87' title='bbox 66 2841 190 2898; x_wconf 72' lang='lat' dir='ltr'>Rumon</span> <span class='ocrx_word' id='word_1_88' title='bbox 204 2840 403 2899; x_wconf 78' lang='lat' dir='ltr'>Alexandrum</span> <span class='ocrx_word' id='word_1_89' title='bbox 418 2844 484 2898; x_wconf 87' lang='lat' dir='ltr'>eum</span> <span class='ocrx_word' id='word_1_90' title='bbox 498 2840 604 2899; x_wconf 89' lang='lat' dir='ltr'>detulit</span> <span class='ocrx_word' id='word_1_91' title='bbox 617 2862 679 2900; x_wconf 83' lang='lat' dir='ltr'>esse</span> <span class='ocrx_word' id='word_1_92' title='bbox 693 2842 895 2920; x_wconf 81' lang='lat' dir='ltr'>propinquum,</span> 
     </span>
     <span class='ocr_line' id='line_1_16' title="bbox 106 2943 700 3023; baseline 0.002 -23"><span class='ocrx_word' id='word_1_93' title='bbox 106 2944 261 3002; x_wconf 80' lang='lat' dir='ltr'>Finitimos</span> <span class='ocrx_word' id='word_1_94' title='bbox 274 2943 377 3022; x_wconf 88' lang='lat' dir='ltr'>implet</span> <span class='ocrx_word' id='word_1_95' title='bbox 390 2955 482 3003; x_wconf 89' lang='lat' dir='ltr'>terror</span> <span class='ocrx_word' id='word_1_96' title='bbox 495 2945 603 3023; x_wconf 91' lang='lat' dir='ltr'>ubique</span> <span class='ocrx_word' id='word_1_97' title='bbox 616 2943 700 3004; x_wconf 78' lang='lat' dir='ltr'>loeus.</span> 
     </span>
    </p>

    <p class='ocr_par' dir='ltr' id='par_1_9' title="bbox 66 3047 743 3230">
     <span class='ocr_line' id='line_1_17' title="bbox 66 3047 743 3126; baseline 0.001 -21"><span class='ocrx_word' id='word_1_98' title='bbox 66 3048 201 3106; x_wconf 86' lang='lat' dir='ltr'>Exomnt</span> <span class='ocrx_word' id='word_1_99' title='bbox 215 3047 265 3105; x_wconf 80' lang='lat' dir='ltr'>elii</span> <span class='ocrx_word' id='word_1_100' title='bbox 278 3066 434 3125; x_wconf 73' lang='lat' dir='ltr'>pedemque</span> <span class='ocrx_word' id='word_1_101' title='bbox 447 3059 478 3106; x_wconf 83' lang='lat' dir='ltr'>et</span> <span class='ocrx_word' id='word_1_102' title='bbox 490 3047 618 3117; x_wconf 83' lang='lat' dir='ltr'>foedere3</span> <span class='ocrx_word' id='word_1_103' title='bbox 639 3058 743 3126; x_wconf 88' lang='lat' dir='ltr'>sponte</span> 
     </span>
     <span class='ocr_line' id='line_1_18' title="bbox 106 3151 670 3230; baseline -0.002 -19"><span class='ocrx_word' id='word_1_104' title='bbox 106 3151 303 3211; x_wconf 78' lang='lat' dir='ltr'>summittunt</span> <span class='ocrx_word' id='word_1_105' title='bbox 316 3151 366 3210; x_wconf 87' lang='lat' dir='ltr'>elii</span> <span class='ocrx_word' id='word_1_106' title='bbox 379 3151 495 3210; x_wconf 78' lang='lat' dir='ltr'>subdita</span> <span class='ocrx_word' id='word_1_107' title='bbox 508 3151 580 3210; x_wconf 80' lang='lat' dir='ltr'>eolla</span> <span class='ocrx_word' id='word_1_108' title='bbox 590 3152 670 3230; x_wconf 81' lang='lat' dir='ltr'>jugo.</span> 
     </span>
    </p>

    <p class='ocr_par' dir='ltr' id='par_1_10' title="bbox 65 3254 921 3426">
     <span class='ocr_line' id='line_1_19' title="bbox 65 3254 921 3334; baseline -0.001 -20"><span class='ocrx_word' id='word_1_109' title='bbox 65 3256 165 3328; x_wconf 78' lang='lat' dir='ltr'>Quam</span> <span class='ocrx_word' id='word_1_110' title='bbox 179 3256 262 3324; x_wconf 88' lang='lat' dir='ltr'>bene,</span> <span class='ocrx_word' id='word_1_111' title='bbox 278 3254 395 3324; x_wconf 85' lang='lat' dir='ltr'>Pellaee,</span> <span class='ocrx_word' id='word_1_112' title='bbox 409 3256 568 3334; x_wconf 82' lang='lat' dir='ltr'>exuperas!</span> <span class='ocrx_word' id='word_1_113' title='bbox 589 3275 656 3313; x_wconf 85' lang='lat' dir='ltr'>nam</span> <span class='ocrx_word' id='word_1_114' title='bbox 674 3260 741 3314; x_wconf 82' lang='lat' dir='ltr'>eum</span> <span class='ocrx_word' id='word_1_115' title='bbox 754 3254 809 3314; x_wconf 89' lang='lat' dir='ltr'>tibi</span> <span class='ocrx_word' id='word_1_116' title='bbox 822 3254 921 3314; x_wconf 79' lang='lat' dir='ltr'>laurus</span> 
     </span>
     <span class='ocr_line' id='line_1_20' title="bbox 109 3356 760 3426; baseline -0.005 -10"><span class='ocrx_word' id='word_1_117' title='bbox 109 3359 189 3417; x_wconf 84' lang='lat' dir='ltr'><strong>Dant</strong></span> <span class='ocrx_word' id='word_1_118' title='bbox 203 3359 320 3426; x_wconf 83' lang='lat' dir='ltr'>famem,</span> <span class='ocrx_word' id='word_1_119' title='bbox 334 3357 428 3416; x_wconf 76' lang='lat' dir='ltr'>lauros</span> <span class='ocrx_word' id='word_1_120' title='bbox 442 3356 492 3416; x_wconf 81' lang='lat' dir='ltr'>dut</span> <span class='ocrx_word' id='word_1_121' title='bbox 505 3358 560 3416; x_wconf 92' lang='lat' dir='ltr'>tibi</span> <span class='ocrx_word' id='word_1_122' title='bbox 573 3357 650 3416; x_wconf 81' lang='lat' dir='ltr'>fama</span> <span class='ocrx_word' id='word_1_123' title='bbox 664 3377 760 3416; x_wconf 83' lang='lat' dir='ltr'>novae.</span> 
     </span>
    </p>
   </div>
   <div class='ocr_carea' id='block_1_8' title="bbox 0 0 1226 4252">
    <p class='ocr_par' dir='ltr' id='par_1_11' title="bbox 0 0 1226 4252">
     <span class='ocr_line' id='line_1_21' title="bbox 0 0 1226 4252; baseline 0 0"><span class='ocrx_word' id='word_1_124' title='bbox 0 0 1226 4252; x_wconf 95' lang='lat' dir='ltr'> </span> 
     </span>
    </p>
   </div>
  </div>
 </body>
</html>
