<?xml version="1.0" encoding="UTF-8"?>
<!DOCTYPE html PUBLIC "-//W3C//DTD XHTML 1.0 Transitional//EN"
    "http://www.w3.org/TR/xhtml1/DTD/xhtml1-transitional.dtd">
<html xmlns="http://www.w3.org/1999/xhtml" xml:lang="en" lang="en">
 <head>
  <title>
</title>
<meta http-equiv="Content-Type" content="text/html;charset=utf-8" />
  <meta name='ocr-system' content='tesseract 3.04.00' />
  <meta name='ocr-capabilities' content='ocr_page ocr_carea ocr_par ocr_line ocrx_word'/>
</head>
<body>
  <div class='ocr_page' id='page_1' title='image "./poematalatinepa00bourgoog_0238.png"; bbox 0 0 2408 4252; ppageno 0'>
   <div class='ocr_carea' id='block_1_1' title="bbox 416 410 601 451">
    <p class='ocr_par' dir='ltr' id='par_1_1' title="bbox 416 410 601 451">
     <span class='ocr_line' id='line_1_1' title="bbox 416 410 601 451; baseline -0.011 0"><span class='ocrx_word' id='word_1_1' title='bbox 416 410 601 451; x_wconf 67' lang='lat' dir='ltr'>cremonen.</span> 
     </span>
    </p>
   </div>
   <div class='ocr_carea' id='block_1_2' title="bbox 382 911 631 971">
    <p class='ocr_par' dir='ltr' id='par_1_2' title="bbox 382 911 631 971">
     <span class='ocr_line' id='line_1_2' title="bbox 382 911 631 971; baseline -0.008 -2"><span class='ocrx_word' id='word_1_2' title='bbox 382 911 631 971; x_wconf 83' lang='lat' dir='ltr'>CICINDELA.</span> 
     </span>
    </p>
   </div>
   <div class='ocr_carea' id='block_1_3' title="bbox 80 1068 921 2697">
    <p class='ocr_par' dir='ltr' id='par_1_3' title="bbox 80 1068 921 2697">
     <span class='ocr_line' id='line_1_3' title="bbox 81 1068 872 1148; baseline 0.001 -21"><span class='ocrx_word' id='word_1_3' title='bbox 81 1069 149 1127; x_wconf 78' lang='lat' dir='ltr'>Su&#39;n</span> <span class='ocrx_word' id='word_1_4' title='bbox 163 1089 230 1148; x_wconf 91' lang='lat' dir='ltr'>sepe</span> <span class='ocrx_word' id='word_1_5' title='bbox 243 1069 381 1147; x_wconf 84' lang='lat' dir='ltr'>exiguum</span> <span class='ocrx_word' id='word_1_6' title='bbox 395 1079 449 1138; x_wconf 86' lang='lat' dir='ltr'>est,</span> <span class='ocrx_word' id='word_1_7' title='bbox 464 1089 518 1146; x_wconf 86' lang='lat' dir='ltr'>nee</span> <span class='ocrx_word' id='word_1_8' title='bbox 529 1089 593 1128; x_wconf 86' lang='lat' dir='ltr'>roro</span> <span class='ocrx_word' id='word_1_9' title='bbox 605 1069 637 1126; x_wconf 91' lang='lat' dir='ltr'>in</span> <span class='ocrx_word' id='word_1_10' title='bbox 650 1068 781 1145; x_wconf 80' lang='lat' dir='ltr'><strong>margine</strong></span> <span class='ocrx_word' id='word_1_11' title='bbox 793 1068 872 1147; x_wconf 77' lang='lat' dir='ltr'>ripae,</span> 
     </span>
     <span class='ocr_line' id='line_1_4' title="bbox 121 1170 755 1251; baseline 0 -21"><span class='ocrx_word' id='word_1_12' title='bbox 121 1171 249 1250; x_wconf 86' lang='lat' dir='ltr'>Reptile,</span> <span class='ocrx_word' id='word_1_13' title='bbox 263 1171 341 1251; x_wconf 91' lang='lat' dir='ltr'>quod</span> <span class='ocrx_word' id='word_1_14' title='bbox 353 1170 432 1231; x_wconf 89' lang='lat' dir='ltr'>lueet</span> <span class='ocrx_word' id='word_1_15' title='bbox 445 1182 540 1241; x_wconf 88' lang='lat' dir='ltr'>noete,</span> <span class='ocrx_word' id='word_1_16' title='bbox 555 1171 659 1249; x_wconf 90' lang='lat' dir='ltr'>dieque</span> <span class='ocrx_word' id='word_1_17' title='bbox 672 1171 755 1240; x_wconf 86' lang='lat' dir='ltr'>latet,</span> 
     </span>
     <span class='ocr_line' id='line_1_5' title="bbox 80 1272 921 1353; baseline 0.004 -22"><span class='ocrx_word' id='word_1_18' title='bbox 80 1272 199 1332; x_wconf 90' lang='lat' dir='ltr'>Vermis</span> <span class='ocrx_word' id='word_1_19' title='bbox 212 1274 299 1333; x_wconf 81' lang='lat' dir='ltr'>habet</span> <span class='ocrx_word' id='word_1_20' title='bbox 312 1274 447 1353; x_wconf 88' lang='lat' dir='ltr'>speciem,</span> <span class='ocrx_word' id='word_1_21' title='bbox 461 1274 511 1333; x_wconf 88' lang='lat' dir='ltr'>sed</span> <span class='ocrx_word' id='word_1_22' title='bbox 524 1275 612 1334; x_wconf 86' lang='lat' dir='ltr'>habet</span> <span class='ocrx_word' id='word_1_23' title='bbox 626 1274 662 1333; x_wconf 92' lang='lat' dir='ltr'>de</span> <span class='ocrx_word' id='word_1_24' title='bbox 675 1274 787 1335; x_wconf 90' lang='lat' dir='ltr'>lumine</span> <span class='ocrx_word' id='word_1_25' title='bbox 799 1296 921 1348; x_wconf 89' lang='lat' dir='ltr'>nomen;</span> 
     </span>
     <span class='ocr_line' id='line_1_6' title="bbox 120 1376 778 1457; baseline 0.002 -22"><span class='ocrx_word' id='word_1_26' title='bbox 120 1376 164 1435; x_wconf 90' lang='lat' dir='ltr'>At</span> <span class='ocrx_word' id='word_1_27' title='bbox 177 1378 271 1456; x_wconf 82' lang='lat' dir='ltr'>prisea</span> <span class='ocrx_word' id='word_1_28' title='bbox 284 1398 301 1436; x_wconf 83' lang='lat' dir='ltr'>a</span> <span class='ocrx_word' id='word_1_29' title='bbox 314 1378 391 1436; x_wconf 83' lang='lat' dir='ltr'><strong>fama</strong></span> <span class='ocrx_word' id='word_1_30' title='bbox 403 1399 461 1436; x_wconf 91' lang='lat' dir='ltr'>non</span> <span class='ocrx_word' id='word_1_31' title='bbox 473 1377 576 1457; x_wconf 88' lang='lat' dir='ltr'>liquet,</span> <span class='ocrx_word' id='word_1_32' title='bbox 590 1378 669 1437; x_wconf 94' lang='lat' dir='ltr'>unde</span> <span class='ocrx_word' id='word_1_33' title='bbox 681 1379 778 1438; x_wconf 89' lang='lat' dir='ltr'>mioet.</span> 
     </span>
     <span class='ocr_line' id='line_1_7' title="bbox 81 1479 786 1560; baseline 0.004 -23"><span class='ocrx_word' id='word_1_34' title='bbox 81 1479 219 1558; x_wconf 88' lang='lat' dir='ltr'>Plerique</span> <span class='ocrx_word' id='word_1_35' title='bbox 232 1502 249 1539; x_wconf 84' lang='lat' dir='ltr'>a</span> <span class='ocrx_word' id='word_1_36' title='bbox 263 1481 353 1540; x_wconf 81' lang='lat' dir='ltr'>cauda</span> <span class='ocrx_word' id='word_1_37' title='bbox 367 1481 490 1540; x_wconf 88' lang='lat' dir='ltr'>eredunt</span> <span class='ocrx_word' id='word_1_38' title='bbox 504 1481 655 1560; x_wconf 80' lang='lat' dir='ltr'>procedere</span> <span class='ocrx_word' id='word_1_39' title='bbox 668 1481 786 1554; x_wconf 89' lang='lat' dir='ltr'>lumen;</span> 
     </span>
     <span class='ocr_line' id='line_1_8' title="bbox 121 1569 761 1663; baseline 0 -22"><span class='ocrx_word' id='word_1_40' title='bbox 121 1582 187 1643; x_wconf 88' lang='lat' dir='ltr'>Nee</span> <span class='ocrx_word' id='word_1_41' title='bbox 200 1583 316 1654; x_wconf 81' lang='lat' dir='ltr'>desunt,</span> <span class='ocrx_word' id='word_1_42' title='bbox 331 1584 453 1643; x_wconf 88' lang='lat' dir='ltr'>credunt</span> <span class='ocrx_word' id='word_1_43' title='bbox 466 1585 517 1662; x_wconf 91' lang='lat' dir='ltr'>qui</span> <span class='ocrx_word' id='word_1_44' title='bbox 530 1569 651 1643; x_wconf 81' lang='lat' dir='ltr'>rutilure</span> <span class='ocrx_word' id='word_1_45' title='bbox 664 1596 761 1663; x_wconf 85' lang='lat' dir='ltr'>caput.</span> 
     </span>
     <span class='ocr_line' id='line_1_9' title="bbox 81 1685 809 1766; baseline 0.005 -23"><span class='ocrx_word' id='word_1_46' title='bbox 81 1685 161 1744; x_wconf 85' lang='lat' dir='ltr'>Nam</span> <span class='ocrx_word' id='word_1_47' title='bbox 175 1707 294 1765; x_wconf 83' lang='lat' dir='ltr'>superas</span> <span class='ocrx_word' id='word_1_48' title='bbox 307 1687 406 1746; x_wconf 85' lang='lat' dir='ltr'>stellas</span> <span class='ocrx_word' id='word_1_49' title='bbox 419 1709 483 1766; x_wconf 81' lang='lat' dir='ltr'>quae</span> <span class='ocrx_word' id='word_1_50' title='bbox 497 1708 553 1747; x_wconf 82' lang='lat' dir='ltr'>nox</span> <span class='ocrx_word' id='word_1_51' title='bbox 567 1688 708 1757; x_wconf 83' lang='lat' dir='ltr'><strong>accendit,</strong></span> <span class='ocrx_word' id='word_1_52' title='bbox 722 1699 751 1747; x_wconf 92' lang='lat' dir='ltr'>et</span> <span class='ocrx_word' id='word_1_53' title='bbox 765 1688 809 1747; x_wconf 91' lang='lat' dir='ltr'>illi</span> 
     </span>
     <span class='ocr_line' id='line_1_10' title="bbox 122 1788 843 1871; baseline 0.004 -24"><span class='ocrx_word' id='word_1_54' title='bbox 122 1788 241 1848; x_wconf 83' lang='lat' dir='ltr'>Paream</span> <span class='ocrx_word' id='word_1_55' title='bbox 254 1790 355 1851; x_wconf 82' lang='lat' dir='ltr'>eadem</span> <span class='ocrx_word' id='word_1_56' title='bbox 367 1790 462 1850; x_wconf 83' lang='lat' dir='ltr'>lucem</span> <span class='ocrx_word' id='word_1_57' title='bbox 476 1791 536 1860; x_wconf 77' lang='lat' dir='ltr'>dat,</span> <span class='ocrx_word' id='word_1_58' title='bbox 550 1791 722 1870; x_wconf 90' lang='lat' dir='ltr'>moduloque</span> <span class='ocrx_word' id='word_1_59' title='bbox 736 1811 843 1871; x_wconf 79' lang='lat' dir='ltr'>parem.</span> 
     </span>
     <span class='ocr_line' id='line_1_11' title="bbox 81 1891 761 1972; baseline 0.004 -22"><span class='ocrx_word' id='word_1_60' title='bbox 81 1891 215 1952; x_wconf 78' lang='lat' dir='ltr'><strong>Forsitan</strong></span> <span class='ocrx_word' id='word_1_61' title='bbox 228 1894 280 1952; x_wconf 91' lang='lat' dir='ltr'>hoc</span> <span class='ocrx_word' id='word_1_62' title='bbox 293 1893 421 1972; x_wconf 88' lang='lat' dir='ltr'>prudens</span> <span class='ocrx_word' id='word_1_63' title='bbox 433 1894 526 1954; x_wconf 87' lang='lat' dir='ltr'>voluit</span> <span class='ocrx_word' id='word_1_64' title='bbox 540 1905 644 1954; x_wconf 84' lang='lat' dir='ltr'>notura</span> <span class='ocrx_word' id='word_1_65' title='bbox 657 1896 761 1966; x_wconf 83' lang='lat' dir='ltr'>caveri,</span> 
     </span>
     <span class='ocr_line' id='line_1_12' title="bbox 120 1995 726 2076; baseline 0.002 -22"><span class='ocrx_word' id='word_1_66' title='bbox 120 1996 170 2055; x_wconf 92' lang='lat' dir='ltr'>Ne</span> <span class='ocrx_word' id='word_1_67' title='bbox 183 1995 257 2074; x_wconf 91' lang='lat' dir='ltr'>pede</span> <span class='ocrx_word' id='word_1_68' title='bbox 270 1997 335 2074; x_wconf 90' lang='lat' dir='ltr'>quis</span> <span class='ocrx_word' id='word_1_69' title='bbox 348 1995 420 2055; x_wconf 91' lang='lat' dir='ltr'>duro</span> <span class='ocrx_word' id='word_1_70' title='bbox 432 1997 536 2076; x_wconf 84' lang='lat' dir='ltr'>reptile</span> <span class='ocrx_word' id='word_1_71' title='bbox 549 2008 726 2057; x_wconf 85' lang='lat' dir='ltr'>contereret:</span> 
     </span>
     <span class='ocr_line' id='line_1_13' title="bbox 80 2098 891 2178; baseline 0.006 -21"><span class='ocrx_word' id='word_1_72' title='bbox 80 2098 237 2177; x_wconf 82' lang='lat' dir='ltr'><strong>Exiguam,</strong></span> <span class='ocrx_word' id='word_1_73' title='bbox 251 2101 282 2157; x_wconf 92' lang='lat' dir='ltr'>in</span> <span class='ocrx_word' id='word_1_74' title='bbox 295 2100 423 2158; x_wconf 87' lang='lat' dir='ltr'>tenebris</span> <span class='ocrx_word' id='word_1_75' title='bbox 436 2120 473 2159; x_wconf 95' lang='lat' dir='ltr'>ne</span> <span class='ocrx_word' id='word_1_76' title='bbox 488 2121 618 2178; x_wconf 85' lang='lat' dir='ltr'>gressum</span> <span class='ocrx_word' id='word_1_77' title='bbox 631 2100 790 2160; x_wconf 82' lang='lat' dir='ltr'>offenderet</span> <span class='ocrx_word' id='word_1_78' title='bbox 804 2101 891 2172; x_wconf 87' lang='lat' dir='ltr'>ullus,</span> 
     </span>
     <span class='ocr_line' id='line_1_14' title="bbox 121 2201 684 2263; baseline 0.002 -4"><span class='ocrx_word' id='word_1_79' title='bbox 121 2202 267 2262; x_wconf 79' lang='lat' dir='ltr'>Pretendi</span> <span class='ocrx_word' id='word_1_80' title='bbox 281 2201 373 2261; x_wconf 90' lang='lat' dir='ltr'>voluit</span> <span class='ocrx_word' id='word_1_81' title='bbox 387 2203 507 2262; x_wconf 80' lang='lat' dir='ltr'>forsitan</span> <span class='ocrx_word' id='word_1_82' title='bbox 520 2203 570 2262; x_wconf 83' lang='lat' dir='ltr'>ills</span> <span class='ocrx_word' id='word_1_83' title='bbox 584 2205 684 2263; x_wconf 84' lang='lat' dir='ltr'>fsoem.</span> 
     </span>
     <span class='ocr_line' id='line_1_15' title="bbox 81 2305 872 2384; baseline 0.003 -20"><span class='ocrx_word' id='word_1_84' title='bbox 81 2305 150 2364; x_wconf 86' lang='lat' dir='ltr'>Sive</span> <span class='ocrx_word' id='word_1_85' title='bbox 163 2326 248 2364; x_wconf 91' lang='lat' dir='ltr'>usum</span> <span class='ocrx_word' id='word_1_86' title='bbox 262 2306 340 2364; x_wconf 87' lang='lat' dir='ltr'>hune</span> <span class='ocrx_word' id='word_1_87' title='bbox 353 2316 457 2365; x_wconf 82' lang='lat' dir='ltr'>nature</span> <span class='ocrx_word' id='word_1_88' title='bbox 469 2327 582 2384; x_wconf 77' lang='lat' dir='ltr'>perone,</span> <span class='ocrx_word' id='word_1_89' title='bbox 597 2327 649 2366; x_wconf 92' lang='lat' dir='ltr'>seu</span> <span class='ocrx_word' id='word_1_90' title='bbox 661 2307 765 2366; x_wconf 80' lang='lat' dir='ltr'>maluit</span> <span class='ocrx_word' id='word_1_91' title='bbox 778 2307 872 2377; x_wconf 91' lang='lat' dir='ltr'>illum,</span> 
     </span>
     <span class='ocr_line' id='line_1_16' title="bbox 121 2408 823 2490; baseline 0.001 -23"><span class='ocrx_word' id='word_1_92' title='bbox 121 2408 211 2468; x_wconf 83' lang='lat' dir='ltr'>Haud</span> <span class='ocrx_word' id='word_1_93' title='bbox 224 2410 332 2468; x_wconf 83' lang='lat' dir='ltr'>frustra</span> <span class='ocrx_word' id='word_1_94' title='bbox 345 2430 463 2469; x_wconf 78' lang='lat' dir='ltr'>aceensa</span> <span class='ocrx_word' id='word_1_95' title='bbox 476 2420 520 2476; x_wconf 88' lang='lat' dir='ltr'>est</span> <span class='ocrx_word' id='word_1_96' title='bbox 534 2410 594 2479; x_wconf 88' lang='lat' dir='ltr'>lux,</span> <span class='ocrx_word' id='word_1_97' title='bbox 609 2411 740 2490; x_wconf 83' lang='lat' dir='ltr'>rediique</span> <span class='ocrx_word' id='word_1_98' title='bbox 753 2411 823 2471; x_wconf 76' lang='lat' dir='ltr'>dati.</span> 
     </span>
     <span class='ocr_line' id='line_1_17' title="bbox 81 2511 851 2593; baseline 0.008 -25"><span class='ocrx_word' id='word_1_99' title='bbox 81 2511 186 2572; x_wconf 86' lang='lat' dir='ltr'>Ponite</span> <span class='ocrx_word' id='word_1_100' title='bbox 199 2533 249 2572; x_wconf 85' lang='lat' dir='ltr'>vos</span> <span class='ocrx_word' id='word_1_101' title='bbox 262 2513 364 2582; x_wconf 78' lang='lat' dir='ltr'>festus,</span> <span class='ocrx_word' id='word_1_102' title='bbox 378 2512 504 2571; x_wconf 87' lang='lat' dir='ltr'>humiles</span> <span class='ocrx_word' id='word_1_103' title='bbox 517 2534 570 2572; x_wconf 88' lang='lat' dir='ltr'>nec</span> <span class='ocrx_word' id='word_1_104' title='bbox 584 2515 721 2593; x_wconf 77' lang='lat' dir='ltr'>spernite,</span> <span class='ocrx_word' id='word_1_105' title='bbox 735 2516 851 2593; x_wconf 81' lang='lat' dir='ltr'>magni;</span> 
     </span>
     <span class='ocr_line' id='line_1_18' title="bbox 119 2615 885 2697; baseline 0.004 -24"><span class='ocrx_word' id='word_1_106' title='bbox 119 2615 242 2686; x_wconf 81' lang='lat' dir='ltr'>Quando</span> <span class='ocrx_word' id='word_1_107' title='bbox 255 2616 342 2674; x_wconf 85' lang='lat' dir='ltr'>hebet</span> <span class='ocrx_word' id='word_1_108' title='bbox 355 2628 385 2675; x_wconf 87' lang='lat' dir='ltr'>et</span> <span class='ocrx_word' id='word_1_109' title='bbox 399 2616 551 2675; x_wconf 89' lang='lat' dir='ltr'>minimum</span> <span class='ocrx_word' id='word_1_110' title='bbox 566 2618 680 2697; x_wconf 87' lang='lat' dir='ltr'>reptile,</span> <span class='ocrx_word' id='word_1_111' title='bbox 694 2619 770 2696; x_wconf 90' lang='lat' dir='ltr'>quod</span> <span class='ocrx_word' id='word_1_112' title='bbox 783 2619 885 2678; x_wconf 82' lang='lat' dir='ltr'>niteat.</span> 
     </span>
    </p>
   </div>
   <div class='ocr_carea' id='block_1_4' title="bbox 0 0 1208 4252">
    <p class='ocr_par' dir='ltr' id='par_1_4' title="bbox 0 0 1208 4252">
     <span class='ocr_line' id='line_1_19' title="bbox 0 0 1208 4252; baseline 0 0"><span class='ocrx_word' id='word_1_113' title='bbox 0 0 1208 4252; x_wconf 95' lang='lat' dir='ltr'> </span> 
     </span>
    </p>
   </div>
  </div>
 </body>
</html>
