2408 4252
487 421 523 462 ln
537 421 723 465 Mlu'ronun.

443 831 493 888 IN
513 829 765 890 MILTONUM.

181 990 342 1047 Muxmus
356 988 482 1066 antiquis
496 989 601 1048 venisti
614 982 758 1048 moenibus
770 989 874 1067 hospes

179 1093 199 1150 J
200 1113 246 1152 am
259 1092 387 1161 tandem,
401 1092 551 1172 nitidoque
564 1113 664 1170 graves
678 1093 709 1150 in
723 1113 863 1152 marmore
876 1091 976 1151 vultus

181 1191 290 1274 Erigis,
304 1217 321 1254 o
335 1195 432 1264 decus,
446 1217 464 1254 ο
476 1197 552 1255 tanti
565 1195 628 1256 laus
642 1197 751 1276 optima
763 1175 852 1256 teeti!

180 1300 245 1358 Nee
259 1299 326 1358 talis
338 1299 431 1376 prisco
446 1298 612 1358 Chaucerus
625 1299 758 1358 conditur
772 1300 873 1377 ingens

180 1402 216 1460 In
230 1402 345 1462 tumulo
357 1412 450 1481 pater,
464 1412 515 1463 aut
528 1402 606 1462 vario
618 1402 813 1463 modulamine
827 1401 920 1462 duleis

180 1506 351 1584 Spenserus,
366 1525 423 1564 non
434 1515 497 1565 arte
510 1526 603 1583 pares,
617 1526 675 1563 non
688 1505 788 1564 divitis
801 1507 909 1564 haustu

180 1610 315 1670 Castaliae
328 1620 419 1679 tanto,
435 1609 574 1687 liquidive
588 1609 738 1688 aspergine
752 1609 849 1668 fontis.

219 1715 286 1792 ipse
299 1735 373 1775 nova
386 1712 497 1773 virtute
509 1713 643 1791 ingentes
655 1712 757 1785 fortior
770 1732 855 1771 ausus

178 1818 365 1897 Aggrederis,
379 1826 470 1887 vates,
484 1816 635 1894 validoque
649 1816 710 1893 agis
721 1815 833 1893 impete
845 1815 953 1889 rnirum

179 1923 284 1981 Certus
297 1921 363 1990 iter,
378 1939 534 1998 cursusque
547 1939 635 1997 navos
647 1919 725 1979 ultra
738 1918 802 1978 avia
814 1919 901 1996 longe

179 2025 296 2083 Limina
308 2043 466 2093 musarum,
479 2023 644 2102 veterisque
658 2022 806 2082 eacumina
820 2021 928 2080 Pindi:

179 2128 317 2200 Quantus
329 2148 382 2207 per
396 2126 499 2186 Graias
512 2128 581 2186 olim
595 2127 736 2187 mirabilis
749 2127 837 2186 urbes

180 2234 246 2292 Ibat
261 2231 430 2300 Maeonides
446 2227 602 2310 divfimq'ue
615 2231 726 2292 ferebat
740 2231 892 2290 honorem:

180 2337 317 2408 Quantus
330 2335 361 2393 in
375 2334 506 2394 attonitis
520 2335 658 2397 volitabat
670 2335 791 2414 rupibus
805 2334 957 2414 Orpheus:

179 2440 236 2499 ille
249 2438 336 2500 defim
349 2449 463 2500 sanetas
477 2439 582 2518 stirpes
595 2449 626 2499 et
639 2440 755 2498 nomina
768 2449 849 2499 vates

180 2543 391 2622 AEternumque
405 2544 483 2604 canit
497 2544 595 2614 decus,
610 2545 799 2622 antiquosque
812 2543 933 2613 labores,

178 2646 244 2706 Aut
258 2647 406 2706 huminum
419 2667 521 2726 genus,
536 2657 587 2706 aut
601 2645 656 2705 diae
669 2645 825 2725 primordia
837 2646 930 2717 lucis3

180 2749 382 2829 Turbatasque
396 2750 494 2809 domos
507 2751 628 2830 superis,
643 2751 827 2828 immissaque
839 2750 925 2819 bella,

180 2855 327 2914 immanes
340 2856 443 2913 ausus!
464 2864 529 2912 tum
543 2855 626 2913 vietis
639 2864 746 2912 tartara
759 2854 843 2912 triste
929 2851 1033 2928 [turba

180 2957 342 3036 Effugium,
356 2958 563 3036 horrentesque
576 2958 700 3016 umbras.
742 2956 850 3035 Stupet
863 2957 993 3035 undique

181 3061 312 3139 Fulgura
325 3061 475 3119 verborum
490 3071 520 3119 et
534 3059 609 3118 docti
623 3059 760 3118 miracula
773 3071 885 3118 cantus.

181 3163 254 3223 Tale
266 3175 353 3222 tuum
366 3183 481 3222 carmen
495 3164 585 3222 nobie.
626 3162 708 3234 Quin
722 3162 841 3241 pulchra
853 3163 978 3221 recludis

182 3268 341 3327 Hortorum
355 3267 457 3346 spatia,
472 3268 645 3345 irriguisque
658 3267 790 3345 ingentia
803 3268 910 3344 campis

181 3371 319 3431 Flumina
331 3370 519 3441 eoncelebras‚
535 3373 664 3449 primaevi
677 3392 766 3449 regna
779 3371 924 3450 parentis:
