2408 4252
332 418 492 459 uernoous
507 416 632 456 unsrun
648 415 864 455 ons'rn'rmcrs.
967 395 1022 452 261

174 557 299 616 Adsidet
314 556 351 615 ad
364 558 502 625 cubitum,
519 553 692 633 Glycerique
706 553 844 612 Archillis
857 552 960 612 ocellos

214 661 329 719 Intuitu
343 661 434 738 primo
448 659 551 718 callida
565 659 657 718 cernit
671 679 758 717 anus:

176 762 325 841 Parvaque
336 783 506 841 componens
521 763 641 840 magnis,
652 762 788 830 frontem,
799 760 904 828 oscula,
914 775 1026 828 nasum,
1092 819 1093 822 ,

214 866 399 945 Quid-patris
413 865 552 944 explorat,
567 865 638 944 quid
652 866 794 924 referatur
808 864 862 923 avi.
961 882 963 888 ·

175 971 327 1048 Tergaque
333 969 508 1036 demulcens,
516 969 677 1028 Hominum
685 969 1026 1046 estsaevissimus,inquit‚

214 1073 288 1131 Tam
302 1073 450 1153 pulchram
466 1056 572 1151 poterit
586 1073 635 1150 qui
649 1071 755 1130 violare
769 1072 869 1130 cutim.

175 1176 284 1236 Deliroe
296 1177 358 1236 haec
371 1177 447 1236 inter
461 1175 582 1235 nutricis
594 1175 713 1246 somnia,
727 1176 822 1252 majus

216 1280 309 1357 Urget
322 1299 393 1358 opus
405 1279 490 1356 longe
503 1299 558 1346 me,
572 1278 742 1356 graviorque
755 1265 852 1347 laborj

176 1381 300 1460 Cingere
313 1376 435 1440 fasciolis
447 1378 571 1449 teneros,
586 1376 639 1439 n'ec
652 1381 773 1448 duriter,
788 1391 877 1449 artus,

218 1483 258 1543 Et
269 1484 383 1562 justum
397 1484 433 1542 ad
445 1483 594 1542 modulum
610 1483 717 1561 fingere
731 1484 817 1543 molle
830 1495 926 1561 eaput.

176 1589 281 1646 Cautio
295 1586 348 1646 nec
360 1587 433 1645 levis
446 1598 501 1655 est,
515 1586 615 1646 multis
629 1586 666 1646 de
680 1586 808 1645 millibus
822 1608 880 1645 una

217 1691 265 1749 Ne
280 1689 399 1748 minimo
412 1690 552 1749 infantem
568 1689 686 1749 vuhrere
700 1703 811 1768 pungat
824 1712 900 1750 ecus.

178 1793 237 1853 Sed
251 1815 305 1853 nec
319 1794 412 1852 adhue
425 1804 515 1854 cessat
529 1794 600 1851 mihi
615 1814 700 1863 cura;
722 1814 863 1872 puerpera
876 1805 968 1854 mater

219 1898 301 1975 Saepe
316 1896 465 1955 revisenda
479 1906 532 1966 est,
547 1907 578 1955 et
592 1897 662 1954 mihi
676 1917 750 1974 saepe
761 1910 845 1974 puer.

178 2002 295 2060 Interea
308 1999 380 2057 mihi
392 2001 499 2059 mensis
512 2000 582 2069 abit,
596 2000 646 2058 sed
660 2010 690 2058 et
705 2020 763 2060 uno
777 2000 907 2079 alioque·
957 2012 970 2017 ''
1006 2008 1009 2012 ’
1038 2057 1041 2063 .

217 2103 436 2163 Donatus'flavo
450 2123 568 2162 munere
582 2103 688 2162 mensis
703 2103 772 2162 abit.

178 2208 236 2266 His
250 2228 302 2285 ego
314 2227 361 2264 me
375 2206 483 2276 officiis,
498 2206 587 2275 vobis,
602 2207 708 2285 popule
721 2207 796 2266 alme
809 2208 945 2278 virorum,

217 2308 403 2377 Commendo,
417 2309 560 2387 obsequio,
575 2308 741 2379 sedulitate,
755 2310 822 2371 tide.
848 2338 851 2343 >
911 2323 915 2328 ’

178 2414 416 2491 Quandocunque
424 2432 496 2490 opus
503 2422 557 2480 est,
567 2433 614 2471 me
624 2432 734 2472 servam
743 2417 879 2486 accersite
887 2428 1012 2477 vestram
1023 2445 1032 2494 ;

216 2518 322 2578 Lesbia
335 2517 439 2575 curabo
452 2516 584 2594 protinus
598 2536 659 2576 esse
669 2516 758 2576 domi.
812 2526 819 2534 ’“
