2408 4252
356 392 417 432 oon
434 389 599 432 numanam
614 387 838 433 snaxnsrnnn.
967 367 1022 424 165

552 889 641 948 ODE

209 1047 423 1107 MAGISTRI
445 1047 662 1106 GULIELMI
685 1043 989 1113 SHAKESPEAR,

372 1224 536 1264 VERSIONE
553 1222 676 1263 nnuma
689 1222 826 1262 DONATA.

174 1362 243 1422 er
257 1363 432 1423 matutinum
447 1363 575 1423 ebiberat
589 1362 625 1421 de
638 1363 767 1440 gramine
781 1381 874 1420 rorem

215 1467 356 1526 Umbrosa
370 1466 497 1525 invitans
512 1466 639 1525 Phoebus
653 1465 689 1524 ad
703 1475 787 1525 antra
799 1466 895 1533 boves,

175 1569 251 1626 Cum
264 1589 362 1628 secum
375 1568 480 1648 placidi
495 1569 639 1648 Cytherea
652 1569 689 1628 ad
702 1568 831 1627 fluminis
844 1568 946 1637 undas,

215 1670 385 1732 Adventum
399 1683 553 1752 expectans
566 1672 651 1741 sedit,
666 1671 774 1740 Adoni,
787 1681 883 1730 tuum.

176 1775 239 1835 Sub
252 1775 347 1834 salicis
360 1775 435 1836 sedit
448 1777 545 1845 ramis,
559 1776 609 1835 ubi
623 1795 698 1854 saepe
711 1775 820 1834 solebat

216 1877 412 1938 Procumbens
425 1881 532 1938 fastum
546 1879 710 1958 deposuisse
722 1900 804 1958 puer.

176 1981 278 2042 AEstus
290 1993 353 2042 erat
366 1983 480 2061 gravis3
501 1993 531 2041 at
544 1983 657 2062 gravior
670 1983 723 2041 sub
736 1991 851 2061 pectore
864 1980 936 2040 divae

216 2087 277 2158 Qui
290 2086 359 2156 fuit,
374 2098 404 2145 et
418 2086 502 2165 longe
515 2087 623 2156 soevior,
638 2097 724 2145 aestus
738 2096 809 2144 erat.

177 2191 251 2249 Mox
264 2210 337 2269 puer
349 2190 478 2260 advenit,
492 2190 646 2269 posuitque
660 2211 676 2248 a
690 2209 805 2268 corpore
818 2197 939 2259 vestem,

217 2294 291 2354 Tam
304 2314 392 2372 prope
405 2293 456 2352 vix
469 2293 617 2352 Venerem
631 2293 780 2352 delituisse
793 2302 890 2351 ratus:

177 2399 278 2478 thue
291 2399 375 2458 deam
388 2398 462 2456 vidit
476 2399 662 2457 recubantem
675 2398 706 2455 in
718 2397 849 2474 margine
862 2396 942 2475 ripae,

217 2502 371 2562 Attonitus
385 2501 489 2561 mediis
501 2501 646 2560 insiliebot
660 2500 750 2579 aquis.

177 2605 335 2666 Crudelem
349 2606 469 2684 decepta
483 2604 591 2674 dolum,
604 2603 794 2683 fraudemque
807 2604 960 2682 superbam

218 2710 261 2768 Ut
274 2709 364 2778 videt,
377 2710 423 2768 his
435 2709 547 2768 moestis
560 2708 681 2786 ingemit
694 2707 745 2767 illa
756 2707 864 2766 modis:

177 2815 248 2882 Gur,
263 2833 300 2872 ex
314 2833 450 2891 aequoreae
463 2832 566 2891 spuma
579 2832 645 2870 cum
660 2831 790 2870 nascerer
803 2809 898 2879 undoe,

217 2916 250 2974 N
250 2937 288 2976 on
301 2916 373 2995 ipsa,
388 2938 405 2975 o
418 2916 525 2995 inquit,
540 2915 675 2994 Jupiter!
697 2913 776 2973 unda
788 2913 850 2972 fui!
