2408 4252
182 382 239 465 176
314 401 395 441 roos
409 401 503 442 sorar
518 400 678 451 oronam,
692 399 782 449 oum
797 399 907 447 roam.

258 540 301 600 Et
314 542 419 600 fortem
432 540 620 619 validumque
634 539 830 599 combibonem

257 644 420 704 Loetantem
434 665 521 723 super
535 645 672 723 amphora
684 643 814 722 repleta;

259 747 279 805 J
280 747 494 808 ueundissimus
507 749 636 807 omnium
650 747 761 816 fereris,

258 851 291 910 N
291 852 403 931 ullique
416 851 560 911 artificum
572 851 727 921 secundus,
742 861 811 910 atae

259 955 340 1028 Quos
352 975 479 1035 praeaens
492 955 582 1024 dedit,
598 965 649 1014 aut
663 954 743 1014 dabit
755 956 865 1014 futura.

239 1100 251 1120 ,‚
259 1060 359 1120 Macte
372 1079 399 1129 o,
413 1059 459 1119 eia
471 1078 534 1138 age,
547 1069 643 1118 macte
655 1059 695 1118 aia
708 1058 817 1118 amicus

257 1163 390 1222 Virtuti:
412 1164 534 1242 vitiique
547 1163 625 1242 quod
637 1161 756 1232 notaris,

257 1267 366 1346 Pergae
378 1267 508 1346 pingere,
523 1279 553 1326 et
566 1267 704 1326 exhibere
716 1285 819 1326 eoram.

257 1371 388 1430 Censura
401 1370 501 1431 utilior
513 1380 566 1430 tua
579 1370 742 1449 aquiorque

257 1474 348 1533 Omni
361 1475 408 1535 vel
421 1475 573 1535 satirarum
587 1474 752 1541 acerbitate,

163 1624 169 1638 .
256 1577 347 1637 Omni
360 1579 408 1638 vel
419 1578 595 1658 rigidissimo
607 1578 756 1636 cachinno:

202 2257 458 2336 roos-sorar
480 2257 693 2327 oroarrr,
716 2226 846 2330 QUAM
866 2258 1012 2332 ooom.

139 2424 142 2429 '
178 2416 259 2489 Qum
273 2416 399 2494 gravitas
412 2416 520 2475 oeulis!
541 2427 572 2475 et
585 2437 650 2495 quae
663 2416 824 2476 constantia
836 2418 945 2480 fronti!

217 2520 336 2580 Sobrius
348 2532 383 2579 ut
396 2531 458 2580 toto
471 2531 587 2599 pectore
599 2521 677 2580 bubo
688 2520 782 2600 sapit!

176 2623 250 2683 Ales
265 2623 431 2702 Pythagora
443 2623 560 2702 dignus,
574 2624 738 2703 dignusque
752 2626 907 2686 Minerva!

217 2726 363 2787 Sermonis
375 2748 488 2806 parcus,
502 2727 670 2813 consiliique
682 2731 789 2788 tenax!

177 2832 225 2910 Oh
239 2831 351 2890 habitet
362 2841 472 2902 tecum,
486 2833 572 2901 bubo,
586 2843 617 2892 et
630 2832 668 2892 sit
682 2843 797 2911 pectore
809 2833 841 2891 in
854 2835 921 2904 isto,

218 2934 366 3014 Quicquid
379 2935 482 2995 habea:
505 2936 618 3015 quoties
631 2935 739 3005 effluet,
754 2957 838 2996 omen
852 2917 918 2998 erit.
