2408 4252
493 430 728 472 vnnunsmun.
982 414 1033 472 161

393 828 548 887 russas
571 828 821 887 nannenus.
883 902 885 908 y

177 984 262 1056 Qun
276 985 330 1044 tibi
343 986 448 1064 regalis
461 986 601 1046 dederant
614 987 785 1046 diadematis
799 1006 912 1055 aurum,

218 1089 302 1148 Dant
315 1099 345 1149 et
358 1089 511 1150 funereum
525 1092 602 1160 fana,
618 1091 724 1158 Maria,
738 1089 860 1149 tholum.

178 1192 313 1269 Quisque
326 1195 386 1252 suis
399 1194 520 1263 vicibus,
535 1194 639 1254 moesto
652 1205 732 1253 stant
746 1193 847 1252 ordine
861 1193 982 1264 flentes3

219 1295 337 1374 Oreque
350 1297 446 1356 velato
459 1298 579 1357 foemina
592 1300 676 1357 triste
690 1298 766 1357 silet.

177 1399 274 1458 Parva
287 1400 347 1458 avis
360 1400 481 1469 interea,
495 1400 624 1460 residens
636 1401 666 1459 in
680 1401 789 1460 vertice
803 1420 924 1468 summo,

218 1502 342 1561 Emittit
355 1503 480 1562 tremula
493 1503 617 1582 lugubre
630 1525 698 1563 voce
711 1502 809 1564 melos.

177 1603 310 1684 Vespera
323 1626 377 1666 nec
389 1606 509 1676 claudit,
523 1627 577 1667 nec
589 1607 684 1666 lucem
698 1607 813 1667 Aurora
826 1607 960 1676 recludit,

218 1707 300 1780 Quin
313 1709 413 1769 eadem
427 1720 540 1789 repetat
553 1711 676 1770 funebre
690 1731 804 1770 carmen
818 1711 887 1770 avis.

177 1811 252 1872 Tale
265 1812 340 1870 nihil
354 1812 487 1873 dederint
501 1813 549 1872 vel
561 1814 725 1885 mausolea;
747 1814 850 1873 Marioe

219 1915 293 1975 Haec
306 1916 399 1994 pietas
412 1916 465 1975 soli
480 1916 577 1976 debita
590 1937 658 1976 vera
670 1919 737 1977 fuit.

178 2018 307 2079 Venales
320 2019 463 2098 lacrymae,
475 2021 606 2101 jussique
619 2021 753 2080 facessite
768 2019 872 2089 fletus3

217 2114 390 2194 Sumptibus
403 2117 451 2174 hic
464 2116 553 2176 nullis
567 2117 664 2175 luctus
678 2115 816 2174 emendus
830 2125 901 2173 erat.

446 2696 759 2761 VERULAMIUM.

175 2854 251 2926 Qua
260 2854 348 2932 juxta
361 2853 470 2914 Albani
484 2856 602 2934 divique
615 2866 645 2913 et
658 2855 793 2933 martyris
807 2854 881 2913 redes

215 2958 411 3038 Hnmphredc
424 2971 519 3019 servat
533 2960 569 3018 de
584 2960 656 3018 duce
669 2958 746 3037 quod
759 2968 907 3036 superest;

175 3062 254 3121 Urbs
267 3063 371 3131 stabat,
386 3064 530 3142 quondam
543 3064 681 3141 insignis3
703 3081 782 3120 nuuc
794 3082 862 3121 arva
875 3081 1023 3140 negasque,

213 3165 326 3226 Abdita
338 3187 416 3227 nunc
429 3168 501 3247 ipso,
516 3189 618 3236 mersa
632 3166 747 3245 sepulta
756 3165 827 3225 salo.
845 3190 848 3195 ·

175 3270 243 3342 Quo
252 3271 315 3348 jam
327 3291 475 3345 murorum
489 3271 595 3331 turrita
608 3270 742 3350 superbia
756 3270 857 3329 cessit!

213 3373 296 3445 Quid
309 3374 364 3434 sibi
374 3375 435 3452 jam
448 3374 603 3453 reliquum,
617 3374 688 3453 quid
701 3374 757 3432 nisi
770 3393 884 3442 nomen,
899 3373 1003 3432 habet!

768 3495 792 3533 rr
