2408 4252
516 911 682 970 VOTUM.

176 1087 211 1145 Si
226 1085 310 1146 Senii
323 1084 496 1146 descendam
510 1083 555 1158 (et
569 1087 643 1165 coepi
657 1088 790 1165 vergere)
804 1086 842 1146 cd
854 1103 963 1156 annos3

214 1189 297 1249 Rure
311 1190 382 1247 mihi
396 1190 496 1267 exigui
510 1190 579 1258 sint,
592 1189 743 1269 tepidique
755 1189 848 1260 larem

176 1293 240 1352 Prae
252 1294 361 1352 sonitus
374 1293 412 1353 sit
425 1313 583 1363 scamnum,
598 1303 629 1353 et
640 1294 679 1353 sit
693 1313 751 1352 non
764 1293 878 1352 sordida
890 1294 980 1372 virgo,

216 1397 290 1469 Quoe
304 1397 386 1455 molli
400 1397 495 1456 foveat
507 1408 637 1476 tempora
650 1396 731 1456 calva
743 1418 841 1456 manu.

534 1595 667 1637 GHORUS.

180 1706 274 1786 AEquo
286 1708 415 1766 animum
428 1706 548 1785 imperio
561 1707 702 1785 subigam,
712 1706 883 1786 prudentior
895 1728 961 1777 usu,

217 1811 260 1871 Ut
274 1811 396 1890 carptim
409 1820 553 1880 attentior,
567 1830 619 1870 rex
633 1810 823 1890 dominusque
836 1812 902 1871 mei.

179 1915 243 1975 Nec
255 1914 399 1994 podagre,
413 1935 468 1982 nec
480 1914 604 1974 lithiasis
618 1914 791 1974 cruciatibus
802 1935 888 1985 urar,·

217 2018 278 2078 Sed
291 2018 397 2078 sensim
411 2018 558 2077 extinctus
568 2017 694 2078 devehat
706 2018 744 2077 ad
754 2019 911 2079 tumulum.

180 2224 228 2284 Ad
241 2225 352 2286 declive
363 2225 478 2304 jugum,
485 2224 665 2305 ,placidoque
676 2225 753 2303 quod
767 2226 901 2285 imminet
913 2228 1001 2296 amni,

217 2330 284 2402 Qua
297 2329 383 2399 mola,
398 2351 456 2408 qua
468 2340 585 2408 pratum
599 2340 653 2398 est,
665 2340 723 2388 stet
736 2350 800 2389 mea
812 2350 900 2407 parva
912 2331 1029 2391 domus:

209 2615 222 2648 ‘¹
237 2619 299 2676 Quoe
311 2631 359 2665 non
369 2615 474 2665 offendat
484 2615 599 2664 sordibus.
894 2617 963 2667 Hoc.

209 2705 221 2732 e
367 2696 481 2747 Animum
492 2713 556 2760 rege,
567 2697 617 2762 qui,
628 2697 672 2746 nisi
683 2705 759 2763 paret,

180 2778 296 2846 Imperatz
314 2779 379 2829 hunc
391 2779 479 2835 iraenis,
487 2778 552 2827 hunc
564 2787 590 2827 tu
600 2793 726 2844 compesce
737 2786 830 2828 catena.
896 2779 972 2827 Imm.

210 2857 220 2892 ¹
233 2860 319 2910 Lenior
328 2868 353 2909 et
363 2860 445 2908 melior
456 2859 520 2916 fiam,
531 2858 662 2908 accedente
673 2871 779 2908 senecta.
895 2859 973 2908 lnam.

209 2948 222 2983 ⁸
240 2942 329 2999 Parva,
341 2941 384 2991 sed
395 2948 461 3007 apta,
472 2941 565 2990 domus.

209 3021 221 3055 ¹¹
237 3023 340 3072 Neither
350 3037 381 3071 on
392 3021 434 3071 the
449 3029 491 3088 top
502 3038 545 3070 nor
560 3021 601 3070 the
613 3021 717 3080 bottom;
734 3022 776 3070 the
789 3022 842 3076 beet
850 3021 963 3072 situation
974 3023 1008 3073 sor
1018 3040 1033 3073 a

179 3103 251 3155 house
267 3121 295 3154 or
310 3121 325 3154 a
342 3104 400 3170 city,
418 3103 534 3168 affording
549 3103 607 3152 both
625 3103 787 3168 conveniency
803 3103 830 3151 of
843 3103 938 3161 cellere,
953 3105 1002 3154 and
1019 3121 1033 3154 a

179 3187 277 3238 deecent
287 3194 313 3237 to
323 3188 379 3236 take
390 3186 426 3235 off
432 3186 473 3235 the
484 3193 578 3235 wetere.

209 3267 217 3300 ¹
232 3269 257 3317 It
266 3268 318 3316 will
328 3269 360 3317 be
370 3267 471 3332 thought
481 3267 522 3315 the
532 3266 572 3316 old
583 3281 639 3314 man
648 3266 692 3315 has
702 3264 773 3315 made
785 3281 800 3314 a
810 3280 867 3331 very
877 3265 905 3313 ill
915 3265 997 3315 choice
1008 3266 1036 3314 cs

181 3351 255 3400 amiil
265 3359 290 3401 to
299 3351 358 3401 hear
367 3349 405 3400 his
414 3351 462 3415 boy
469 3349 527 3399 read
535 3350 575 3410 in;
591 3351 635 3398 but
642 3349 700 3414 they
707 3348 762 3398 who
772 3348 842 3397 make
850 3347 898 3397 this
905 3340 1033 3415 objecticn‚

181 3432 256 3484 either
271 3435 343 3507 kncvg
353 3440 405 3491 not,
420 3448 447 3480 cr
463 3440 488 3482 at
504 3431 566 3481 least
581 3431 613 3480 do
626 3437 671 3480 'not
687 3428 803 3487 consider,
814 3428 868 3477 that
884 3429 949 3479 noise
966 3430 1033 3495 helpe
