2408 4252
180 390 236 450 158
441 408 545 456 sonus
560 407 772 449 scunnnrcus.

177 548 313 608 Conditio
326 547 462 617 obtinuit,
476 545 550 605 nulli
564 545 697 604 violanda
711 557 826 623 togato,

218 652 371 711 Proximus
384 652 432 710 hic
445 651 563 718 foribus,
579 650 726 726 proximus
740 660 801 708 esto
814 649 879 718 viae,

178 756 268 834 Optio
281 766 342 814 tam
355 753 482 832 prudens
496 773 547 812 cur
560 772 617 812 non
630 754 689 812 huc
701 773 793 831 usque
806 762 923 812 retenta
936 757 1002 812 est?

216 858 291 917 Tam
304 860 378 917 bona
391 878 442 917 cur
456 877 582 935 unquam
597 858 645 916 lex
660 856 799 916 abolenda
812 857 891 916 fuit?

179 962 310 1021 Hobsoni
325 971 452 1020 veterem
466 981 593 1019 normam
607 981 739 1020 revocare
752 971 900 1020 memento
907 983 918 1031 3
1023 1025 1027 1031 ,

217 1065 321 1143 Tuque
334 1065 440 1124 iterum
456 1064 596 1133 Hobsoni,
611 1064 734 1133 Grauta,
748 1063 861 1123 videbis
874 1085 973 1142 equos.

377 1625 521 1698 nouus
542 1577 837 1685 aususausus.

180 1785 325 1842 Cancsnr
340 1783 495 1842 instruitur
508 1783 632 1842 Juvenis
640 1806 649 1852 ;
671 1785 821 1862 geminove
834 1782 881 1842 vel
895 1802 964 1851 uno,

220 1888 311 1947 Haud
323 1886 459 1956 multum,
473 1898 524 1946 aut
538 1887 627 1946 ocreis
640 1889 732 1965 cujus,
747 1897 778 1946 et
791 1887 879 1955 unde,
894 1888 1001 1956 refert3

180 1992 252 2050 Fors
265 1992 384 2049 fortasse
397 2011 457 2059 suo,
472 1992 592 2049 fortasse
605 1990 732 2059 aliunde,
747 1989 861 2068 flagello
868 2013 878 2060 ,·

220 2094 485 2171 Quantulacumque
499 2095 553 2162 sui,
568 2114 634 2173 pars
647 2105 744 2153 tamen
758 2094 820 2173 ipse
835 2095 889 2153 sui.

181 2199 230 2257 Sic
242 2199 299 2256 rite
312 2208 449 2264 armatus,
463 2197 559 2274 quinis
575 2196 619 2268 (et
632 2198 706 2256 forte
719 2197 853 2272 minoris)

220 2301 403 2360 Conductum
417 2299 514 2358 solidis
527 2299 663 2359 scandere
675 2301 764 2377 gestit
777 2320 894 2377 equum.

180 2405 280 2463 Laetus
293 2415 323 2463 et
336 2403 509 2482 impavidus,
527 2401 598 2481 (quo
610 2405 668 2462 fert
681 2404 807 2471 fortuna,
821 2402 968 2462 volantem

220 2508 353 2582 Cernite)
367 2506 583 2584 quadrupedem
597 2506 711 2585 pungit,
726 2517 756 2564 et
769 2517 855 2584 urget
869 2507 935 2566 iter.

181 2608 317 2668 Admisso
331 2610 426 2677 cursu,
440 2629 493 2687 per
506 2630 583 2678 rura,
598 2630 649 2686 per
663 2609 777 2686 oppida,
791 2610 902 2668 fertur:

220 2712 378 2770 Adlatrant
393 2712 493 2781 catuli,
508 2712 656 2790 multaque
670 2712 745 2771 ridet
759 2732 840 2771 anus.

180 2815 304 2894 Jamque
318 2815 400 2875 ferox
414 2814 515 2893 plagis,
530 2827 629 2893 erecta·
638 2816 679 2874 ad,
687 2817 805 2875 verbera
819 2815 932 2882 dextra,
973 2868 976 2875 .

220 2918 307 2978 Culce
320 2929 471 2978 cruentato
483 2920 569 2979 lassat
583 2930 738 2997 utrumque
752 2920 836 2978 lotus.

182 3022 296 3099 Impete
310 3022 361 3082 sed
374 3033 457 3082 tanto
470 3023 589 3081 vixdum
603 3022 758 3081 confecerit
771 3022 821 3082 ille

220 3126 318 3184 Millia
331 3127 482 3204 proposita
495 3145 591 3195 sexve,
606 3145 753 3194 novemve,
769 3126 840 3195 vioe3

181 3228 303 3289 Viribus
316 3231 485 3307 absumptis,
500 3230 649 3307 fessusque
662 3229 769 3298 labore,
784 3227 912 3286 caballus

222 3333 334 3392 Sternit
348 3335 378 3390 in
392 3333 575 3391 immundum
589 3352 675 3410 seque
688 3333 874 3410 equitemque
888 3332 994 3392 lutum.
