2408 4252
180 371 239 433 240
336 391 436 432 sonus
450 391 664 433 raorsosrua
679 390 746 432 raa
759 390 886 430 11111111.

181 528 353 609 Tempestas
366 530 467 590 miscet
479 540 604 600 teneras,
618 531 775 590 turbantve
789 528 943 609 procellae:

180 632 294 694 Densat
307 634 409 704 hiems,
423 632 569 712 solidoque
582 654 670 713 super
684 633 834 692 duramine
846 631 949 692 vincit.

221 737 300 816 Ergo
313 758 386 797 vana
401 739 499 796 ferunt
513 757 614 800 vocum
629 735 783 796 simulacra
795 737 895 814 vagari

180 839 268 900 A'e'ris
281 841 312 898 in
326 842 434 920 campis
446 840 523 910 latis,
538 840 735 918 defunctaque
748 841 809 898 vita

180 943 354 1014 Murmura;
374 943 467 1003 multa
481 944 558 1003 cavis
571 943 675 1022 quaerit
688 963 719 1002 11
732 941 855 1002 condere
868 943 958 1001 sacris

181 1046 293 1107 Umbra
305 1047 487 1126 querelarum
494 1070 504 1118 ;
525 1057 595 1107 sunt
608 1059 639 1106 et
652 1066 705 1105 sua
718 1065 793 1125 saepe
806 1045 956 1105 cachinnis
974 1078 981 1085 ·

181 1150 312 1231 Spectra,
326 1172 447 1230 suosque
461 1153 523 1231 pati
537 1152 613 1210 fama
627 1161 671 1210 est
685 1150 808 1229 suspiria
821 1169 933 1209 manes.

179 1253 337 1332 Multaque
349 1265 488 1333 proeterea
501 1254 646 1336 variorum
659 1263 788 1312 monstra
800 1272 937 1312 sonorum

180 1356 367 1427 Discurrunt,
381 1368 535 1436 errantque
549 1378 624 1415 cavae
637 1357 692 1415 sub
705 1356 831 1435 imagine
844 1355 947 1415 formae
954 1379 964 1426 ς

179 1460 280 1520 Donec
293 1481 361 1520 vere
374 1481 448 1520 novo
460 1471 551 1520 terras
566 1459 616 1518 Sol
628 1460 739 1519 lumine
753 1458 872 1527 mulcet,

179 1563 222 1623 Et
235 1575 344 1624 reserat
356 1564 470 1643 tepidas
484 1563 627 1643 Zephyris
640 1564 806 1623 labentibus
819 1583 912 1621 auras.

86 1746 90 1755 x
179 1668 283 1727 Aerias
297 1667 372 1727 calor
386 1667 436 1727 ille
450 1669 520 1738 vias,
535 1679 565 1728 ct
579 1690 642 1728 rara
654 1667 765 1728 relaxat

180 1772 373 1851 Spirameuta,
388 1793 470 1831 aures
483 1772 595 1831 sonitus
608 1792 666 1851 qua
678 1771 806 1830 lubricus
820 1773 922 1830 intret.

180 1874 258 1933 Tum
272 1896 339 1934 vero
354 1874 437 1935 reddi
452 1875 566 1944 deinde,
582 1886 612 1935 et
625 1875 752 1935 resoluta
765 1875 878 1942 referri,

180 1977 267 2036 Irrita
281 1999 345 2056 quae
358 1979 451 2057 frigus
465 1979 609 2038 taciturno
622 1978 765 2038 clauserat
779 1988 872 2046 antro,

180 2079 223 2139 Et
237 2081 326 2139 simili
337 2080 398 2159 jam
411 2103 490 2141 nunc
503 2102 604 2141 seusus
618 2092 771 2160 penetrare
784 2081 885 2158 figura.

219 2184 251 2241 N
252 2205 285 2242 ec
298 2205 393 2256 mora;
414 2206 445 2244 se
459 2186 551 2263 primo
564 2184 676 2244 vinc'lis
689 2183 822 2244 exolvere
835 2183 934 2244 mollis

180 2285 278 2346 Turba
292 2308 482 2357 susurrorum,
496 2288 709 2367 liquefactaque
722 2288 844 2347 stridere
858 2299 965 2348 tentat.

66 2418 68 2425 ·
107 2379 109 2384 ¹
180 2389 303 2450 Addunt
317 2412 347 2451 se
361 2393 449 2451 socios
463 2393 600 2471 crepitus.
614 2392 770 2470 facilesque
783 2404 958 2471 sequuntur,

178 2491 357 2552 Jamdudum
371 2495 468 2554 emissi
483 2494 626 2554 Batavum
639 2495 825 2555 femoralibus
839 2497 947 2575 amplis
954 2520 964 2567 ;

179 2596 324 2656 Continuo
337 2608 399 2658 toto
412 2600 508 2677 fragor
522 2600 619 2659 aridus
633 2600 762 2680 undique
775 2599 845 2660 calo

178 2698 319 2770 Auditur,
333 2704 528 2782 strepitusque
542 2714 572 2763 et
585 2704 683 2763 inania
697 2704 782 2764 sibila
794 2704 907 2764 miscet.

179 2802 253 2860 Mox
266 2804 384 2882 propius
397 2817 511 2876 tenues,
526 2827 580 2866 nec
588 2809 651 2885 jam
664 2809 792 2876 confusa,
806 2827 859 2887 per
872 2828 959 2868 auras
993 2831 995 2839 ⁴

112 2979 114 2984 Ι
179 2904 300 2964 Circum¹
312 2909 398 2967 verba
411 2910 558 2968 fremunt:
580 2911 687 2970 vicinae'
694 2911 805 2991 syllaba
818 2911 876 2971 fida

178 3007 209 3066 It
223 3029 345 3069 comesa
359 3021 459 3089 tergo;
480 3034 534 3072 nec
546 3013 665 3092 longum
679 3025 804 3094 tempus,
819 3015 928 3094 etipse

178 3110 319 3173 Clarescit
332 3125 410 3174 certo
424 3127 511 3176 notus
524 3117 690 3177 discrimine
704 3140 805 3178 sermo.

218 3215 284 3276 Nec
296 3239 364 3277 vero
376 3221 489 3278 cunetis
502 3221 578 3282 idem
595 3221 680 3280 datur
693 3222 791 3280 exitus
804 3217 934 3295 umliris3

178 3317 314 3399 Namque
326 3321 405 3380 leves
418 3324 569 3389 verborum
583 3325 695 3393 animm,
709 3324 902 3403 quaefialliea
915 3328 995 3388 fudit
