2408 4252
305 395 365 466 272
520 416 523 424 ·
608 418 666 458 voe
679 419 746 458 nou
761 419 862 459 vome.

364 703 626 748 -EUTRAPELUS
642 706 837 754 CUICUNQUE
854 705 992 750 Nucem:
1011 707 1160 752 VOLEBAT

306 821 522 866 vesultsstuus
538 825 651 867 DABAT
667 825 840 868 PRETIOSA.

305 965 495 1039 Tuusrnnrs
504 968 653 1027 invehitur
664 968 792 1047 plaustro
802 969 882 1027 rudis
890 970 998 1048 hospes
1006 969 1046 1028 ad
1054 971 1157 1038 urbem,

344 1069 437 1129 Veste
450 1069 565 1140 decens,
580 1068 703 1150 ¹simplex
715 1071 852 1141 moribus
866 1091 915 1131 ore
928 1065 1049 1132 rubens

304 1172 392 1232 Hunc
405 1193 479 1232 enus
491 1173 638 1253 excipiens
651 1175 798 1243 meretrix,
813 1176 887 1234 bona
901 1186 1008 1245 mater,
1023 1165 1154 1254 egrmtem

344 1276 465 1335 Mutare
478 1288 611 1336 ornatum
626 1277 819 1356 splendidiore
832 1289 924 1357 parat.
946 1273 949 1279 ’

305 1380 333 1437 Ο
346 1380 452 1458 fugias,
466 1381 551 1459 longe
564 1381 659 1459 fugias
672 1381 787 1440 fallacie
799 1381 883 1452 done,

343 1483 417 1555 Quae
430 1485 518 1543 simul
531 1484 671 1552 indueris,
686 1484 835 1564 Thestylis
843 1495 906 1544 tota
918 1485 1008 1564 peris.

497 1848 619 1907 DANT
640 1848 812 1907 ANIMOS
834 1848 958 1906 socn.

302 2006 406 2066 err
420 2018 453 2066 ut
468 2009 624 2065 instantem
641 2005 851 2084 Polyphemum
865 2003 943 2065 solus
957 2003 1088 2081 Ulysses,

341 2110 415 2182 Quae
429 2111 512 2169 modo
526 2120 586 2169 tam
600 2109 702 2168 validae
716 2118 912 2167 contremuere
927 2128 1042 2166 manus.
1079 2095 1080 2098 Ἴ

303 2214 362 2286 Qui
376 2214 507 2283 totidem,
522 2215 571 2293 qui
585 2223 668 2272 tante
681 2213 764 2271 heros
779 2210 921 2270 Diomede
935 2211 1051 2290 peregit

340 2318 416 2376 Cum
430 2317 514 2387 socio,
527 2317 607 2376 solus
617 2336 682 2375 eum
696 2315 765 2384 fuit,
780 2317 858 2383 οὔτις
871 2325 941 2374 erat.
1010 2367 1012 2371 .

546 2679 630 2738 VOS
650 2679 746 2738 NON
767 2679 906 2738 VOBIS.

302 2837 400 2894 Duns
413 2837 574 2896 laborantes
587 2838 737 2896 invertunt
750 2857 817 2895 arva
827 2836 956 2914 juvenci,

341 2941 383 2998 Ut
398 2938 511 2998 domino
524 2952 651 3017 segetem
665 2939 755 2999 libera
768 2939 872 2998 fundat
886 2941 1002 2998 humus.

301 3043 366 3102 Neo
378 3042 474 3101 minus
490 3044 609 3120 agrestis
621 3042 708 3102 lassat
722 3065 774 3102 sue
787 3043 915 3102 membra
928 3041 1037 3112 labore,

340 3147 420 3204 Dum
433 3156 527 3204 versat
541 3148 647 3205 faenum
661 3147 767 3225 pabule
779 3156 861 3225 gruta
874 3146 949 3204 bovi.
1106 3219 1112 3226 1

298 3250 393 3310 Sudet
406 3259 528 3328 uterque
541 3251 668 3328 quidem,
682 3250 733 3309 sed
746 3248 871 3310 nonsibi
885 3248 971 3311 sudet
983 3260 1108 3329 uterque
1114 3270 1125 3319 ς

339 3355 418 3413 Nam
432 3353 546 3413 domino
558 3352 643 3412 sudet
656 3354 716 3422 bos,
731 3353 920 3441 dominusque
933 3349 1010 3411 bovi.
