2408 4252
515 409 574 450 ann
588 408 687 464 murs.
789 434 791 439 ,

229 754 476 816 PERVENIRI
497 755 557 814 AD
579 755 777 816 SUMMUM
798 754 889 814 lel
911 754 971 813 Ex

325 911 563 974 PRINCIPIIS
583 912 679 971 NON
700 911 876 970 POTEST.
918 921 920 925 ’

174 1069 206 1126 N
208 1089 374 1128 nwnonuu
389 1072 548 1148 ingentem,
563 1069 662 1129 lumen
675 1090 733 1128 non
747 1070 835 1128 unius
848 1069 910 1138 aevi,

214 1172 253 1231 A.
265 1172 301 1230 Β.
315 1193 380 1250 quoe
393 1171 490 1232 docuit
503 1174 606 1252 prima,
620 1173 759 1250 magistra
770 1172 838 1231 fuit.

175 1274 295 1334 Doctior
308 1275 359 1334 ille
372 1276 472 1335 statim
486 1270 595 1344 vetula,
609 1276 666 1335 cito
679 1276 769 1335 sensit
783 1275 862 1335 innui

215 1377 363 1449 Quiddem
375 1379 420 1438 his
433 1377 559 1439 literulis
572 1380 666 1457 majus
679 1380 773 1439 inesse
786 1399 862 1438 sono.

176 1480 313 1540 Protinus
326 1483 454 1560 egregios
467 1482 619 1542 elementis
631 1482 759 1561 repperit
773 1502 862 1552 usus;

216 1583 305 1653 Usus,
319 1605 390 1663 quos
404 1606 553 1663 nunquam
566 1585 735 1662 conjiciebat
749 1605 830 1644 anus.

177 1686 327 1766 Notosque
341 1688 448 1766 ignotis
461 1709 595 1748 numeros
608 1689 737 1764 conferre
750 1689 871 1766 peritus,

133 1779 139 1791 ’
217 1789 291 1848 Inde
304 1799 461 1868 potestates
474 1790 579 1856 format
593 1790 723 1868 utrisque
736 1789 827 1866 datas.

178 1893 280 1953 Laudo
292 1905 391 1953 tamen
404 1892 511 1954 vetulae
523 1904 666 1973 praecepta
679 1914 713 1952 ea
726 1893 861 1973 primula,
875 1913 995 1972 quaque

218 1996 357 2058 Newtoni
369 1997 448 2057 baud
460 1996 592 2057 dubitem
605 1995 701 2057 dicere
715 1987 870 2076 Principia.

491 2458 569 2517 SPE
592 2457 719 2518 FINIS.

180 2614 232 2673 An
246 2613 387 2686 dextram,
402 2615 439 2675 ad
452 2617 562 2687 laevam,
577 2637 669 2696 porro,
684 2628 770 2688 retro,
784 2617 865 2695 itque
878 2616 1022 2697 reditque,

220 2717 405 2796 Deprensum
418 2720 449 2778 in
459 2719 565 2798 laqueo
577 2741 664 2797 quem
677 2719 861 2798 labyrinthus
874 2720 970 2779 babet.

181 2822 224 2880 Et
237 2822 310 2900 legit
324 2833 354 2882 et
367 2823 471 2900 relegit
485 2843 610 2900 gressus,
623 2843 685 2882 sese
699 2823 825 2900 explicet
840 2821 927 2891 unde,

221 2924 400 3004 Perplexnm
412 2947 543 3004 quoerens
556 2925 634 2985 unde
647 2925 776 2986 revolvat
789 2926 853 2989 iter.

181 3028 236 3088 Sta
248 3028 341 3098 modo,
355 3030 464 3108 'respira
477 3029 606 3108 paulum,
621 3028 708 3088 simul
720 3029 818 3108 accipe
832 3029 914 3088 filum
926 3052 934 3098 ;

221 3132 338 3191 certius
351 3143 382 3192 et
394 3132 499 3192 melius
512 3154 570 3192 non
584 3131 714 3191 Ariadne
728 3132 817 3191 dabit.

183 3235 232 3294 Sic
244 3246 286 3304 te,
300 3235 341 3294 sic
354 3235 458 3306 solum,
472 3236 609 3315 expedies
621 3256 731 3295 errore:
753 3236 866 3295 viarum

223 3338 404 3419 Principium
418 3340 557 3410 invenias,
571 3339 602 3398 id
616 3340 669 3399 tibi
686 3339 751 3399 finis
765 3339 829 3398 erit.
