2408 4252
480 431 600 471 vorum.
926 409 965 511 67

113 568 182 627 Non
196 579 265 648 peto
278 568 413 639 divitios3
433 589 487 629 neo
500 571 553 629 sim
567 581 628 629 tam
642 569 754 629 sordide
767 588 884 647 egenus,

152 672 284 733 Nouseet
298 683 332 732 ut
346 672 426 732 dives
439 683 518 733 tecto
531 674 627 732 subire
641 654 721 732 mea:

113 773 194 846 Quin
208 796 322 835 meeum
335 776 461 835 historiis
475 776 511 835 ad
524 777 635 855 largum
650 775 774 836 circulus
789 776 886 854 ignem

152 878 299 958 Decipere
312 880 447 958 hybemae
460 881 547 939 trodio
560 881 652 940 noctis
665 891 751 940 amet.

114 981 209 1060 AEquo
222 983 349 1040 animum
364 983 493 1062 imperio,
509 995 563 1042 etc.

116 1290 231 1369 Regum
244 1301 279 1349 ut
292 1291 424 1351 laudator
438 1293 513 1362 fiam,
528 1295 663 1373 vitiisque
676 1295 817 1361 minister,

154 1394 311 1472 Ingenium
324 1395 413 1454 nolim
426 1397 606 1474 prostituisse
620 1417 736 1466 meum;

114 1497 146 1555 N
147 1517 190 1566 eo,
205 1497 284 1556 cunis
297 1509 331 1556 ut
345 1498 464 1558 caudam
478 1501 648 1560 submittam
661 1510 691 1559 et
704 1499 835 1559 blandiar
849 1499 950 1567 instar,

156 1600 312 1671 perbreve,
326 1601 402 1680 quod
415 1603 500 1660 morti
514 1604 660 1671 subtraho,
675 1614 790 1680 tempus
804 1617 894 1680 egem.

116 1702 211 1781 AEquo
225 1703 353 1762 animum
368 1705 498 1782 imperio,
512 1718 565 1764 etc.

115 1907 166 1966 Ad
180 1919 275 1968 tentes
289 1929 342 1968 nee
355 1921 454 1988 surgat
468 1931 545 1990 opes,
560 1932 645 1990 quem
660 1912 759 1992 diligo,
773 1896 934 1992 quisquam,

155 2011 277 2071 Nesciat
291 2023 325 2071 ut
339 2024 429 2082 notos,
444 2025 652 2093 preterestque
666 2015 786 2086 videus;

116 2113 191 2173 Tam
204 2134 292 2193 supra
305 2116 344 2174 sit
357 2135 441 2174 nemo
453 2116 536 2185 situs,
550 2126 610 2174 tom
625 2137 709 2176 nemo
723 2119 760 2177 sit
773 2119 858 2186 infra,

156 2217 199 2277 Ut
214 2218 284 2276 mihi
299 2218 345 2278 vel
359 2218 440 2287 livor,
456 2219 503 2277 vel
516 2219 571 2277 siet
586 2219 653 2278 inde
668 2219 755 2279 dolor.

116 2320 212 2399 AEquo
225 2322 353 2379 animum
368 2323 497 2399 imperio,
512 2332 566 2380 etc.

116 2529 213 2587 Detur
235 2539 265 2587 et
287 2529 340 2586 oh!
366 2526 405 2601 (si
427 2549 510 2605 posco
533 2529 610 2607 quod
633 2549 747 2608 equum
771 2541 815 2590 est
838 2534 967 2609 posoere)

237 2631 311 2700 fidae,
680 2631 684 2635 ’

156 2734 189 2793 N
190 2756 223 2794 ec
236 2747 335 2794 tamen
349 2735 487 2812 ingentis,
501 2736 598 2795 cultus
611 2738 763 2808 amicitioe‚·

115 2837 225 2897 Cultus
239 2838 382 2907 amicitie,
396 2859 483 2916 quam
496 2847 625 2918 tempora
638 2840 719 2899 nulla
732 2840 879 2910 valebunt,

156 2940 256 3014 Quam
269 2941 358 3000 nullae
370 2961 467 3000 rerum
482 2941 645 3002 dissoluisse
658 2945 743 3002 vices.

110 3045 212 3134 ‘Equo
225 3045 354 3104 animum
369 3045 498 3123 imperio,
514 3056 570 3104 ete.

151 3334 163 3359 ⁰
179 3325 230 3374 The
242 3326 343 3391 Spanish
355 3327 453 3390 proverb
464 3342 526 3391 says,

178 3407 221 3455 Let
233 3417 275 3456 not
286 3406 341 3456 God
352 3409 422 3455 make
432 3423 475 3456 our
484 3407 573 3456 friends
584 3423 609 3455 so
619 3407 669 3456 ricb
682 3423 707 3455 as
718 3415 743 3455 to
755 3409 828 3471 forget
840 3424 876 3455 us.

683 3489 735 3545 o2
