2408 4252
446 407 525 447 rrnn
540 406 605 446 ran
620 405 766 447 usuratu.
972 385 1027 455 147

177 545 275 617 Quem
288 549 415 616 veheret,
431 547 481 606 sed
494 565 569 624 saepe
583 565 669 603 suum
683 543 837 603 detrudere
847 544 946 621 jussus

175 649 208 706 N
208 650 346 728 avigium,
360 651 445 709 littus
458 648 576 708 tandem
589 660 738 725 terrasque
751 647 899 724 relinquit.

177 751 248 821 Hic,
263 754 383 831 antique
396 763 479 831 pater
494 751 584 819 fluvii,
600 752 654 809 tibi
668 761 748 828 grata
762 754 891 811 camoena

176 855 332 925 strenuis,
346 855 476 935 placidus
489 855 592 934 coeptis
603 854 782 932 juvenilibus
796 854 881 922 adsis,

176 959 220 1018 Et
233 960 343 1038 cymbae
356 970 523 1037 nostrosque
537 957 615 1017 idem
627 968 662 1017 tu
676 958 768 1035 dirige
781 978 889 1016 cursus.

175 1062 301 1141 Jamque
315 1073 397 1141 parat
410 1062 514 1120 validis
526 1062 691 1120 incumbere
704 1061 803 1126 navita
815 1061 912 1129 remis,

177 1165 221 1225 Et
234 1167 356 1244 genibus
369 1167 475 1225 nostris
489 1179 584 1225 vestes
597 1166 744 1245 imponere
757 1176 849 1233 curat,
893 1213 896 1217 .

178 1269 298 1328 Exutus
312 1280 422 1328 curtam
437 1270 581 1338 tunicam,
592 1270 639 1327 cui
653 1269 786 1327 mannica
798 1268 871 1326 laeva

177 1371 311 1450 Argeuto
323 1373 429 1450 gravis,
443 1383 530 1450 atque
543 1359 710 1432 extantibus
723 1391 822 1450 aspera
835 1372 934 1449 siguis.
1030 1419 1033 1426 ⁴

181 1473 239 1533 His
252 1477 294 1535 ita
308 1475 463 1554 dispositis,
477 1459 612 1535 ¹tubulum
627 1497 694 1553 cum
707 1475 814 1554 pyxide
827 1496 931 1554 magna

179 1576 343 1656 Depromit,
358 1579 473 1656 nigrum
486 1579 589 1656 longus
603 1600 687 1657 quem
702 1579 810 1638 fecerat
824 1599 901 1639 usus.

181 1679 272 1740 Hunc
285 1693 438 1760 postquam
453 1683 589 1760 impldrat
603 1695 686 1762 pacto,
701 1684 868 1762 silioemque
881 1683 1005 1761 patierat,

180 1783 320 1843 Excussit
334 1785 508 1855 scintillam;
530 1787 580 1845 ubi
594 1788 675 1864 copia
688 1787 804 1865 ponitur
817 1788 872 1846 atri

182 1884 315 1954 Fomit'm,
329 1888 398 1946 hinc
410 1889 506 1965 ignem
521 1889 576 1947 sibi
589 1890 717 1949 multum
730 1890 841 1968 exugit,
856 1901 886 1949 et
898 1891 1005 1949 haustu

182 1987 353 2049 Accendens
367 1991 475 2059 crebro,
490 2003 642 2068 surgentes
655 1992 792 2070 deprimit
805 1993 908 2052 herbas

182 2091 325 2152 Extremo
338 2092 443 2171 digito:
465 2094 495 2151 in
510 2094 619 2153 cineres
633 2093 775 2154 albescere
788 2105 897 2172 paetum

180 2195 300 2274 Incipit,
316 2206 345 2254 et
359 2215 428 2254 naso
440 2207 535 2274 gratos
548 2197 658 2256 emittit
671 2196 781 2256 odores,

182 2298 261 2357 'l'um
275 2319 374 2358 remex
388 2300 519 2378 puppim,
534 2299 646 2357 medius
659 2320 716 2377 qua
730 2299 856 2358 fluminis
869 2299 977 2367 alveus,

182 2401 303 2480 Dirigit,
317 2412 347 2460 et
360 2422 449 2479 prono
462 2401 546 2460 velox
560 2400 703 2461 delabitur
716 2421 810 2459 amne.

182 2507 201 2564 J
203 2526 308 2584 amque
319 2495 390 2592 illic'
395 2526 494 2564 sumus
508 2488 625 2574 admoti,
639 2527 697 2583 qua
710 2505 917 2564 causidicorum

183 2609 249 2669 Stat
263 2609 340 2668 senis
354 2608 390 2667 ad
404 2607 489 2668 Tami
504 2609 612 2666 flumen
626 2608 931 2669 celeberrimanutrix.
1029 2669 1032 2675 ,

183 2712 244 2770 Hic
254 2712 377 2790 juvenes
390 2711 517 2770 rixarum
531 2722 562 2770 et
575 2711 644 2769 diroe
657 2712 717 2770 litis
729 2724 859 2771 amantes

182 2815 309 2874 Discrmt
323 2815 454 2884 clamare,
469 2816 516 2874 bic
529 2815 641 2874 venalia
653 2815 776 2875 fundere
789 2817 885 2885 verba,

182 2919 357 2996 Sumptibus
369 2918 416 2976 hic
429 2929 459 2977 et
474 2918 553 2977 mille
566 2919 652 2977 moris
666 2939 769 2977 vexare
783 2919 911 2979 clientes.

183 3023 232 3080 Ex
246 3032 330 3101 parte
343 3020 461 3080 adversa
474 3021 578 3080 mediis
591 3021 692 3081 domus
705 3022 818 3081 innatat
832 3023 926 3090 undis,

183 3125 307 3184 Infamia
321 3125 432 3192 domus,
446 3125 547 3184 infami
562 3125 597 3184 de
611 3127 725 3184 nomine
736 3125 821 3184 dicta.

185 3227 264 3287 Hinc
278 3230 328 3287 ubi
343 3229 535 3306 provehimur,
551 3228 677 3306 pulchrae
691 3228 813 3305 vestigia
825 3228 909 3296 sedis,

749 3434 801 3491 112
