2408 4252
398 320 413 355 0

283 386 485 427 enrxeumra
501 386 543 425 rr
558 384 698 424 xerxes·
861 366 918 425 169

59 524 200 586 Caelestes
212 527 294 586 intus
306 526 404 595 facies,
417 524 574 603 vultusque
587 524 724 583 videntur

101 629 233 710 Aligeri:
254 630 285 688 in
298 629 393 690 medio
405 629 494 689 biblia
507 649 587 687 saera
599 639 710 707 patent.

60 733 162 806 Quam
174 734 248 793 bene
260 733 427 801 miseentur‚
442 753 494 792 sua
508 752 560 810 per
572 731 634 790 loca
646 732 778 810 quisque,
791 731 915 792 soleres!

102 836 200 909 Quam
213 838 287 897 bene
300 837 463 905 caemleum,
478 855 711 915 purpureumque
724 835 828 894 decus!

15 928 18 933 ¹
60 940 162 1013 Quam
174 941 274 1001 lumen
287 940 413 1009 solenne,
428 951 458 1000 et
470 961 557 1018 quam
570 939 741 999 venerabilis
753 940 872 999 umbra!

103 1043 292 1123 Spectantem
304 1057 338 1104 ut
351 1055 461 1104 recreat
474 1044 590 1103 lumen!
612 1054 645 1102 ut
658 1045 760 1103 umbra
770 1044 872 1122 juvat!

62 1146 139 1219 Quoe
150 1167 226 1226 pene
237 1148 350 1208 interiit
364 1148 462 1226 longos
475 1148 588 1227 pictura
601 1168 653 1226 per
666 1168 763 1217 annos,

102 1249 208 1310 nluxit
221 1251 320 1311 bibulo
328 1255 390 1331 jam
403 1251 532 1310 rediviva
546 1249 636 1310 vitro:

62 1353 188 1434 Jamque
200 1375 301 1414 reeens
312 1356 429 1425 iterum,
440 1356 502 1433 jam
516 1366 613 1414 nostra
626 1365 711 1414 retate
724 1355 829 1414 revixit

103 1457 228 1528 Clarius,
243 1459 369 1539 antiqua
380 1457 475 1518 laudis
488 1470 518 1518 et
532 1459 602 1518 artis
615 1478 695 1538 opus.

208 2134 483 2194 ALEXANDER
504 2134 561 2194 ET
581 2134 767 2193 XERXES.

64 2294 156 2352 rm
171 2293 304 2362 Macedo,
318 2294 373 2352 sibi
385 2303 481 2352 totum
494 2294 544 2353 ubi
558 2293 752 2352 debellaverat
764 2293 871 2363 orbem,

101 2397 264 2476 Indignans
277 2397 363 2456 armis
376 2397 418 2454 nil
431 2417 580 2475 superesse
593 2397 669 2455 suis:

63 2501 132 2560 Flet
146 2500 269 2569 Xerxes,
284 2500 361 2579 quod
374 2520 459 2559 nemo
472 2500 531 2560 suis
545 2500 581 2559 de
594 2499 733 2569 millibus,
747 2510 815 2560 atas

101 2604 238 2664 Proxima
250 2625 316 2663 cum
330 2605 438 2672 veniet,
453 2625 538 2663 nemo
549 2613 695 2682 superstes
706 2603 771 2662 erit.

63 2708 140 2768 Nolo
152 2718 228 2776 tuas,
243 2708 376 2775 Macedo,
390 2708 545 2787 lacrymas:
568 2727 620 2785 ego
634 2706 719 2765 laudo
732 2706 859 2768 dolorem

101 2812 293 2882 Humanum
314 2823 345 2870 et
356 2825 463 2882 tecum,
480 2812 578 2880 Persa,
592 2811 688 2870 dolere
701 2810 772 2870 volo.
