2408 4252
348 433 385 474 IN
401 433 553 473 nentrum
569 431 685 473 cenom
702 432 854 472 SECUNDI.

174 572 256 630 Mors
270 581 299 630 et
313 571 507 651 sepulchrum,
523 571 626 639 cedite,
642 570 745 639 cedite,

175 674 288 734 Vinclis
303 676 422 747 solutis;
443 697 510 734 nam
523 675 644 734 moritur
657 675 749 743 modo,

214 777 256 836 Ut
270 777 375 847 vincat,
390 790 420 837 et
434 779 524 838 victor
538 778 662 856 resurgit

252 879 304 938 Ad
316 902 433 960 superos
447 881 539 951 Deus,
553 892 587 940 ut
601 882 772 960 triumphet.

258 1415 307 1472 IN
328 1413 532 1472 REDITUM
554 1412 713 1472 CAROLI
736 1413 936 1481 SECUNDI,
964 1410 968 1435 ''

503 1568 588 1625 Men
604 1586 696 1624 xxrx.

178 1726 247 1783 Lux
261 1725 336 1784 alma
350 1736 379 1784 et
394 1744 486 1783 cresso
498 1744 609 1803 semper
623 1724 763 1802 signanda
776 1724 875 1804 lapillo
888 1736 943 1795 est,

214 1828 326 1898 Carole,
340 1849 404 1907 quae
417 1829 513 1907 regnis
526 1839 566 1898 te,
581 1829 635 1887 tibi
649 1848 737 1906 regna
751 1812 849 1899 dedit;

177 1933 248 2004 Quae
265 1953 322 1992 non
340 1944 374 1992 ut
392 1953 505 2011 semper
519 1933 619 2011 patrive
633 1953 722 2010 vagus
736 1932 806 1991 exul
820 1935 932 1993 abesses

214 2035 313 2106 Passa,
328 2036 409 2095 dedit
423 2037 554 2094 manibus
568 2035 665 2094 debita
678 2047 791 2113 sceptra
803 2037 872 2095 tuis.

179 2140 243 2211 Qua
256 2141 348 2199 scelus
362 2141 526 2199 extinctum
538 2140 639 2218 positis
652 2140 785 2223 eivilibus
799 2141 893 2210 armis,

214 2244 282 2315 Qua
295 2244 374 2302 furor
389 2254 418 2303 et
432 2244 511 2304 dirus
524 2244 671 2303 seditionis
686 2264 772 2302 amor.

986 413 1026 470 39

178 2349 204 2406 0
216 2348 294 2418 date,
310 2348 372 2418 Dii,
386 2360 524 2407 sacratam
538 2349 663 2406 habeant
676 2349 750 2406 hanc
764 2368 855 2425 usque
869 2357 1005 2433 repetem

156 2466 158 2470 '
214 2452 257 2511 Ut
271 2473 341 2511 suus
354 2452 422 2510 huic
434 2452 493 2510 luci
506 2453 554 2519 sit,
568 2451 645 2520 date,
660 2471 772 2529 semper
786 2451 883 2509 honos.

178 2556 328 2615 Caroliden
342 2554 394 2615 lux
407 2576 466 2613 una
479 2555 568 2625 dedit,
583 2554 635 2613 lux
648 2554 775 2613 reddidit
789 2574 866 2624 una;

214 2660 324 2728 Dicite,
338 2680 409 2718 num
423 2660 515 2736 majus
528 2659 599 2736 quid
611 2659 691 2717 dedit
705 2679 763 2716 una
778 2657 859 2716 dies?
