2408 4252
179 378 239 438 218
438 396 543 436 annon
558 396 779 437 runrnrrnurr.

181 537 276 595 Unius
289 537 320 594 in
333 536 434 614 primis
447 555 516 594 cura
529 546 573 595 est
587 535 709 595 oonflare
722 537 873 597 metallum
883 559 893 606 ;

218 641 255 698 In
268 639 353 719 longa
367 639 486 698 alterius
500 638 604 698 ducere
617 639 666 697 fila
678 639 766 701 labor.

179 743 298 803 Tertius
311 744 342 801 in
356 753 452 820 partes
465 752 583 811 resecat,
597 753 773 822 quartusque
786 757 933 806 resectum

219 845 349 925 Per-polit
363 845 400 903 ad
413 844 543 904 modulos
555 855 746 924 attenuatque
760 847 850 908 datos
958 864 960 868 ·

153 983 157 990 ,
179 952 235 1010 Est
249 949 345 1028 quinti
358 960 472 1008 tornare
485 959 582 1026 caput,
596 949 673 1026 quod
686 961 786 1009 sextus
799 951 941 1032 adaptet,·

219 1055 368 1133 Septimus
381 1054 413 1110 in
426 1062 568 1131 punctum
582 1052 663 1111 cudit
677 1065 708 1112 et
721 1055 844 1113 exacuit.

179 1160 237 1218 His
250 1158 369 1218 tandem
383 1156 499 1214 auxiliis
511 1157 552 1214 ita
565 1175 610 1215 res
623 1157 764 1234 procedit,
779 1170 812 1217 ut
826 1179 928 1219 omnes

217 1261 268 1320 Ad
280 1279 414 1318 numeros
427 1259 530 1336 ingens
542 1259 710 1336 perficiatur
721 1282 802 1339 opus

179 1367 253 1440 Quae
266 1364 342 1424 tanti
356 1363 476 1440 ingenii,
489 1382 553 1440 quoe
566 1363 643 1421 tanti
657 1373 702 1422 est
715 1383 827 1423 summa
840 1364 968 1426 laboris?
1016 1439 1017 1442 Ἰ

219 1469 252 1527 si
265 1468 336 1527 mihi
349 1464 513 1544 respondes,
531 1465 650 1545 OEdipe,
664 1476 725 1526 tota
737 1478 790 1526 tua
802 1479 856 1527 est.

373 1906 520 1997 nanos
541 1937 834 1999 runprrnnun.

179 2099 229 2158 U'r
243 2073 349 2176 genera
362 2106 391 2156 et
405 2096 513 2174 speeies
527 2095 674 2173 dignoscat
687 2097 876 2175 papilionum,

219 2202 323 2280 Sitque
334 2200 440 2278 quibus
453 2176 573 2265 modulis
586 2200 718 2278 quisque,
732 2201 896 2280 quibusque
909 2202 988 2262 notis
995 2225 1006 2274 ς

178 2306 328 2384 Quotquot
342 2304 417 2382 agris
428 2301 561 2372 volitant
576 2302 703 2362 studiose
716 2304 784 2362 hino
797 2304 907 2383 oolligit
920 2305 1012 2376 illino,

217 2409 324 2468 Musaei
337 2418 371 2466 ut
385 2416 480 2466 servet
494 2406 619 2465 Fulvius
631 2406 708 2465 inter
721 2426 798 2485 opes.
928 2400 931 2404 ’

179 2511 362 2572 Tbesaurum
375 2510 540 2588 egregium!
562 2510 587 2568 si
600 2511 665 2588 quis
679 2510 754 2568 foret
767 2530 837 2569 usus
850 2511 993 2571 habendi:

217 2613 261 2673 At
274 2615 389 2674 cuinam
402 2612 462 2672 hoeo
474 2612 564 2672 servit
576 2634 645 2673 eura
656 2613 791 2691 laborque
804 2614 894 2673 bono!

92 2784 94 2789 ¹
111 2751 117 2767 ι
179 2717 301 2796 Papilio,
314 2725 432 2776 eentum
446 2717 575 2794 quamvis
588 2726 718 2776 servetur
732 2716 762 2774 in
775 2737 873 2786 annos,

219 2820 273 2879 Nil
286 2821 343 2879 nisi
355 2818 483 2898 reliquiae
496 2819 649 2935 papilionis
661 2819 725 2879 erit.
