2408 4252
448 433 597 491 munisse.

176 570 247 630 Sine
260 580 322 630 arte
337 582 460 649 compta,
475 583 505 631 et
518 572 635 650 elegans
648 572 710 630 sine
723 572 819 642 toedio,

213 674 319 734 Aderit
332 686 488 746 venustas3
509 686 539 735 et
553 676 630 736 salus

176 777 235 838 Suo
247 781 351 838 rubore
363 800 443 839 rosea
453 802 462 850 ;
484 790 514 839 et
528 780 693 849 innocentia

215 882 345 942 Cadeute
358 884 455 961 purior
470 882 536 942 nive
548 906 557 953 ;

174 985 282 1045 Aderit
295 1007 383 1055 amor,
397 987 481 1055 risus,
496 986 638 1065 voluptas,
653 987 801 1065 gaudium,

216 1089 259 1148 Et
272 1088 369 1150 litium
383 1089 474 1168 fugax
487 1090 578 1169 quies.

175 1190 281 1253 Aderit
295 1192 400 1251 labella
412 1193 603 1272 comprimens
616 1193 808 1261 taciturnitas,
867 1236 878 1250 -.

216 1296 259 1355 Et
271 1295 389 1355 foederis
402 1316 519 1356 servans
533 1295 604 1355 fides
615 1319 624 1365 ,·

177 1399 219 1458 Et
231 1400 325 1458 omnis
339 1410 460 1459 eventus
474 1419 583 1458 memor
595 1399 759 1478 prudentia,

216 1502 363 1582 Divesque
375 1524 473 1562 rerum
487 1502 646 1562 industria:

177 1605 308 1666 Accedet
321 1608 368 1666 his
382 1606 540 1666 virtutibus
553 1607 602 1686 pia
614 1607 773 1677 humilitas,

216 1710 377 1788 Nunquam
390 1711 540 1768 immemor
553 1710 612 1770 Dei
626 1722 677 1771 aut
690 1711 744 1771 sui.

178 1812 292 1891 Regina
305 1814 463 1892 gratiarum
477 1813 570 1873 aderit
583 1815 756 1885 humanitas,
855 1850 859 1858 ·

218 1915 352 1976 Perferre
364 1916 458 1976 facilis
471 1929 502 1977 et
515 1918 588 1996 pati,

179 2020 318 2079 Humana
331 2023 355 2079 si
368 2032 473 2080 natura
485 2020 556 2099 quid
569 2020 734 2100 deliquerit,

217 2123 282 2183 Aut
295 2125 402 2183 caverit
416 2123 512 2203 siquid
525 2145 646 2202 parum:

178 2225 428 2286 calumniantium
441 2247 571 2286 susurros
583 2228 756 2306 improbans,

217 2330 380 2409 Paucisque
392 2341 490 2391 notam
503 2331 651 2390 infamiam
663 2355 673 2401 ;

179 2435 304 2503 Memor,
317 2435 409 2493 invidi
422 2435 544 2493 rumoris
557 2445 592 2493 ut
606 2433 770 2512 malignitas

218 2537 355 2597 Inimicat
368 2539 454 2597 urbes
467 2548 497 2597 et
513 2537 619 2597 domos.

180 2640 382 2700 Famulabitur
395 2652 513 2721 sautum¹
519 2642 638 2700 intuens
652 2642 801 2710 modestia,

218 2744 262 2803 Et
276 2743 359 2804 docta
372 2745 455 2804 cultu
469 2745 619 2804 urbanitas
630 2767 639 2815 ;

180 2849 222 2907 Et
236 2848 354 2908 advenis
368 2868 493 2927 presens
506 2848 583 2907 domi
597 2848 786 2927 hospitalitas,

219 2953 331 3031 Aperta
344 2952 445 3010 vultus
459 2963 488 3011 et
502 2972 629 3010 manum.

182 3056 239 3114 His
253 3076 319 3114 cum
332 3054 478 3115 sodalibus
492 3055 615 3115 Melissa
627 3057 729 3134 gratiis

219 3159 352 3219 Duoetur
366 3159 403 3219 ad
415 3169 497 3219 tuam
511 3160 626 3219 domum
638 3183 647 3230 ;

182 3262 301 3332 Fidelis,
316 3282 423 3342 egnum
437 3262 575 3342 quioquid
588 3274 640 3322 ant
653 3263 777 3323 laetabile
790 3275 844 3344 est,

221 3368 264 3426 Et
277 3388 345 3427 vera
358 3381 456 3426 tecum
469 3367 633 3445 particeps3
690 3394 691 3398 ¹
