2408 4252
184 366 243 424 208
461 386 615 428 nunnius
630 388 762 428 nocuus.

398 459 402 484 l

409 887 612 946 HAEREDIS
633 887 811 946 LUCTUS.

182 1045 215 1102 N
217 1062 383 1129 unuonun
397 1045 545 1105 immensa
557 1065 678 1104 summae
690 1046 740 1123 qui
754 1045 884 1104 nascitur
898 1045 1015 1117 Hares,

221 1146 289 1217 Quo
301 1147 361 1206 ritu
374 1147 510 1206 amissum
524 1147 630 1207 defleat
643 1146 695 1207 ille
707 1149 837 1226 patrem!

182 1251 293 1327 Magna
305 1250 405 1309 statim
419 1251 514 1328 signet
527 1262 649 1311 mortem
664 1272 812 1330 campana,
823 1251 951 1328 jubete;

221 1353 253 1410 N
254 1374 287 1412 ec
299 1353 401 1432 pulsus
414 1354 496 1412 horas
510 1354 623 1413 desinat
637 1365 705 1414 aute
719 1355 808 1424 duas3

181 1456 301 1524 Obdite,
314 1457 430 1516 moerori
443 1457 511 1534 quia
523 1457 575 1515 lux
589 1457 714 1525 inimica,
729 1458 890 1527 fenestras,·
936 1499 940 1503 -

220 1561 332 1619 Durius
344 1570 379 1619 ut
392 1557 489 1637 pulset
503 1581 597 1630 nemo,
611 1572 719 1630 cavete,
733 1560 817 1620 fores.

181 1664 342 1742 Formaque
356 1684 412 1741 quo
424 1663 515 1741 major
527 1663 610 1722 taciti
624 1664 663 1722 sit
676 1663 797 1733 funeris,
811 1664 853 1722 ire

221 1767 367 1844 Suspenso
380 1786 494 1825 servum
508 1786 652 1843 quemque
661 1765 765 1842 jubete
777 1764 861 1844 pede

180 1871 298 1948 Quique
311 1881 394 1947 paret
408 1868 512 1949 pullas,
526 1879 663 1928 sartorem
676 1870 823 1940 accersite,
836 1878 952 1931 vestes:

219 1974 368 2033 Eventum
381 1975 496 2032 tristem
509 1973 551 2031 nil
564 1973 620 2031 nisi
633 1973 717 2032 triste
731 1973 823 2032 decet.
840 2026 842 2030 .

180 2077 342 2155 Pracipite,
357 2087 391 2135 ut
405 2097 504 2136 currus
517 2077 555 2136 sit
570 2086 600 2135 et
612 2077 690 2135 iutra
704 2076 801 2155 pullus
816 2088 846 2136 et
860 2089 955 2149 extra,

218 2179 360 2257 Pullaque
375 2180 434 2238 sint
447 2179 549 2237 itidem
563 2179 661 2249 fraena,
674 2179 774 2250 sedile,
788 2192 869 2240 rotae.

178 2280 328 2351 Quadrata
340 2282 371 2339 in
384 2281 484 2364 tabula
497 2281 628 2340 defuncti
642 2283 766 2360 iusignia
779 2305 873 2342 coram

218 2384 364 2451 Prosteut,
379 2384 410 2441 in
423 2384 519 2442 media
531 2385 626 2443 fronte
640 2385 731 2444 locata
745 2386 854 2446 domus.

178 2485 327 2555 Testetur,
341 2486 384 2544 fas
398 2497 452 2555 est,
466 2486 605 2564 pietatem
620 2487 751 2547 Ecclesia
765 2492 843 2548 uati:

218 2589 337 2667 Pulpita
350 2590 409 2648 sint
422 2590 531 2667 pariter
544 2590 737 2661 condecorata,
753 2592 825 2652 volo.
885 2644 888 2648 .
907 2662 910 2667 ,

178 2692 220 2751 Ut
234 2713 279 2751 res
293 2703 362 2751 sunt
375 2693 460 2750 nihili
473 2694 599 2770 speciosa
612 2694 773 2753 imitamina
785 2694 901 2756 luctus!

216 2796 259 2854 Ut
273 2816 367 2873 nugae,
383 2806 416 2854 ut
431 2796 506 2855 liunt
518 2797 615 2856 omnia
628 2797 801 2856 ludibrium!

177 2899 303 2958 Fallitur
317 2901 439 2977 egregie,
454 2920 540 2978 quem
554 2921 658 2979 pompa
671 2911 792 2961 externa
806 2903 911 2963 doloris

217 3001 323 3059 Fallit:
346 3001 386 3058 nil
401 3003 464 3061 istis
477 3002 572 3061 laetius
586 3017 630 3061 est
644 3003 786 3082 lacrymis.
