2408 4252
201 387 262 447 Μ
506 394 751 447 ἈΡΧΙΤΕΚΤΩΝ.

202 543 296 622 Regia
308 555 456 622 preterea,
470 544 494 602 si
508 545 585 603 fama
600 556 644 604 est
658 545 764 604 nuncia
777 545 849 614 veri,-

241 648 326 706 Curoe
339 647 493 707 mandetur
505 646 678 707 bibliotheca
690 658 758 706 tuae.

202 750 268 810 Nec
281 751 359 810 factu
371 760 470 810 tamen
484 750 560 810 elata
573 760 627 819 est,
642 751 762 810 vultuve
776 751 898 829 superbo

243 854 317 914 Fert
328 866 380 915 tua
392 854 516 914 fortune
529 874 664 932 prospera
676 874 758 913 musa
770 855 856 913 vices.

202 958 268 1016 Nec
280 969 432 1017 mutantur
445 956 540 1016 adhuc
553 977 663 1027 mores3
681 957 733 1016 sed
746 968 776 1016 et
789 957 839 1016 ille
852 956 1013 1026 modestus,

241 1058 298 1118 Ille
311 1058 501 1128 verecundae,
515 1059 567 1137 qui
580 1059 669 1137 prius,
684 1079 775 1137 usque
788 1079 895 1118 manes.

203 1163 239 1219 In
252 1161 500 1240 modicisoequus5
519 1162 656 1242 prudens,
670 1161 834 1227 moderatus
847 1163 879 1220 in
892 1162 969 1232 altis,

241 1265 401 1344 Exemplar
414 1266 526 1342 maguis
538 1275 609 1334 estc,
624 1265 670 1324 vel
684 1265 876 1343 opprobrium.

535 1619 719 1677 SUICIDA.

202 1777 237 1834 M
241 1795 317 1834 uscu
331 1796 425 1836 mecm
438 1777 540 1835 volitat
554 1778 662 1836 circum
675 1778 839 1856 importuna
851 1777 1022 1848 lucernam
1074 1756 1080 1769 ’

240 1877 369 1958 Alacque
382 1881 508 1939 amburit
517 1880 579 1959 jam
592 1900 681 1959 prope
691 1881 810 1959 jamque
823 1902 896 1941 uuus.
969 1931 972 1942 .

201 1982 284 2060 Saepe
297 1983 405 2061 repello
418 2003 507 2042 manu
521 1983 695 2052 venientem,
710 1992 750 2053 et,
768 1984 927 2062 “ineptula
940 2007 1053 2057 musca,

240 2085 324 2157 Quoe,
338 2089 397 2154 te,’'
413 2087 541 2166 inqnm,
559 2086 712 2165 “impellit
726 2097 808 2146 tanta
820 2087 910 2146 libido
922 2091 997 2149 mori
1006 2093 1040 2148 ?”
1054 2125 1059 2135 ι

201 2187 258 2247 Illa
270 2199 369 2247 tamen
381 2189 467 2259 redit,
482 2201 521 2259 et,
534 2210 700 2268 quanquam
715 2211 828 2250 servare
840 2191 947 2262 laboro,

241 2291 346 2362 Instat,
360 2302 390 2352 et
404 2293 435 2351 in
450 2293 578 2382 flammae
591 2293 771 2372 exitiumque
784 2296 853 2354 ruit.

202 2396 349 2474 Exiguam
361 2397 416 2456 tibi
429 2396 494 2456 nolo
507 2397 641 2465 animam,
655 2416 742 2475 quam
755 2399 879 2476 projicis,
894 2398 974 2458 ultra

240 2499 380 2570 Servare3
400 2510 431 2559 et
445 2499 522 2560 sisic
536 2478 614 2559 certa
628 2500 731 2577 perire,
744 2500 818 2578 peri.
840 2584 843 2595 Ι

501 2871 747 2922 ἈΡΧΙΤΕΚΤΩΝ.

199 3020 341 3087 Aenum,
355 3028 390 3077 ut
405 3018 506 3078 nidum
519 3020 609 3098 tignis
622 3021 731 3098 suffigit
744 3020 878 3090 hirundo,

238 3122 386 3182 Caemento
399 3131 434 3181 ut
446 3121 526 3183 luteo
539 3123 650 3202 pensile
665 3123 760 3184 firmat
773 3128 861 3204 opus!

200 3224 324 3304 Aspicis,
339 3237 373 3285 ut
386 3225 477 3285 solido
490 3226 647 3288 durescunt
660 3229 768 3291 moenic
780 3249 869 3298 nexu,

239 3329 336 3400 Quem
350 3349 444 3408 neque
457 3340 609 3390 ventorum
622 3333 675 3403 vic,
690 3353 784 3412 neque
796 3334 888 3394 solvat
900 3338 993 3414 eque!
