2408 4252
218 411 382 452 GAN'I'IGUM
397 410 504 450 umbus
520 408 774 450 lsnnnmunnun.

154 550 182 607 O
195 549 244 626 qui
257 550 380 626 benigno
393 548 503 606 lumine
516 547 627 607 ducitis-

152 652 291 710 Lnbentis
303 652 371 710 anni
384 662 521 730 tempora,
535 672 584 710 vos
597 652 662 728 rugi

193 753 288 832 Ignes,
302 753 417 813 diurnos
431 763 464 812 ut
478 753 596 822 labores,

231 856 280 914 Sic
292 867 426 915 renovate
438 856 527 915 melos
541 856 686 915 diurnum.

153 958 277 1018 Vidistis
289 960 381 1028 ambo,
395 969 464 1037 quot
477 958 587 1018 dederit
597 960 680 1027 bona,

154 1059 339 1120 Monstristis
352 1063 449 1120 ambo:
470 1072 642 1140 perpetuum
657 1061 714 1120 Dei

193 1163 326 1242 Ergoque
339 1164 486 1223 nobiseum
499 1165 624 1223 favorem

232 1266 375 1344 Perpetuo
388 1240 529 1326 celebrate
542 1266 653 1344 plausu.

154 1470 182 1528 0
196 1470 287 1530 multe
300 1470 447 1530 stellarum
460 1473 573 1549 agmina
586 1471 690 1541 lucida,

163 1573 269 1650 Fulget
283 1572 382 1632 decore
395 1574 475 1650 queis
488 1575 596 1633 variata
610 1595 675 1644 nox,

194 1675 318 1734 Narrate
331 1675 437 1743 laudes,
452 1696 511 1743 ros,
525 1669 652 1745 Jehovae',

233 1778 381 1837 Sideribus
395 1780 608 1838 numerosiores.

155 1880 215 1940 Vos
228 1891 257 1941 et
271 1882 385 1940 choreas
399 1881 511 1951 ducere,
526 1902 574 1941 vos
588 1883 674 1941 simul

153 1986 276 2044 Cnutnre
291 1983 395 2043 ndstis:
419 1995 593 2062 perpetuum
609 1985 664 2044 Dei

193 2087 327 2165 Ergoque
340 2086 485 2147 nobiseum
500 2088 623 2146 favorem

232 2189 375 2268 Perpetuo
388 2188 528 2249 oelebrate
542 2189 652 2268 plausu.

155 2395 263 2454 Duloes
276 2394 391 2459 tenellis
404 2415 421 2454 o
433 2395 538 2474 pluvioe
551 2397 629 2465 satis,

153 2498 284 2576 Letique
296 2517 373 2556 rores
387 2499 524 2557 imbribus
538 2498 662 2558 humidis
674 2522 682 2569 ;

193 2600 410 2679 Languentibus
421 2602 472 2679 qui
486 2601 557 2660 eolln
570 2621 654 2660 mnne

234 2703 365 2762 Floribus
378 2704 496 2782 erigitis,
511 2705 616 2763 referte
727 2720 742 2749 ³

155 2807 198 2866 Ut
211 2806 284 2864 donn
297 2827 405 2866 numen
419 2828 467 2865 vos
481 2807 634 2874 imitantia,

155 2908 197 2968 Ut
211 2909 283 2968 donn
296 2909 411 2978 mittnt;
433 2923 604 2986 perpetuum
619 2909 675 2967 Dei

194 3011 316 3090 Unaque
329 3012 474 3071 nobiscum
488 3013 613 3070 favorem

234 3114 378 3193 Perpetuo
391 3114 531 3174 celebrate
544 3113 655 3192 plausu.
