2408 4252
368 411 844 456 nsrnnnsuncsnocnsrnrcs.
975 392 1034 463 237

179 550 238 610 Ter
251 551 324 611 felix
335 553 342 611 l
363 552 414 612 sed
424 553 486 632 jam
498 552 664 612 brevisheu
678 551 815 610 victorin!
836 549 956 628 longum

177 654 211 712 N
211 675 244 714 ec
257 664 302 724 tu,
316 656 407 716 victor
420 676 517 734 eques,
531 676 585 715 nec
597 665 631 714 tu
645 656 820 734 spectabere,
834 673 961 732 serpens.

218 758 309 828 Hinc,
319 758 424 838 procul
436 760 505 817 hinc
517 757 658 818 bellorum
672 759 731 827 irre,
746 757 888 836 credisque
901 766 1022 817 cruente
1115 773 1119 783 ·

177 859 326 921 Abscedct
338 862 629 922 facies—Placidum
643 873 730 941 ceput
744 864 825 922 ecoe!
848 861 956 939 Lyceus

178 962 296 1033 Intulit,
311 976 341 1024 et
353 965 434 1024 laetos
448 964 586 1044 expandit
601 966 703 1025 frontis
716 966 846 1024 honores.

177 1066 295 1127 Ardent
309 1069 410 1127 suffusi
424 1089 560 1147 generoso
573 1088 693 1128 munere
706 1068 817 1139 vultur,

179 1169 394 1249 Purpureisque
406 1173 512 1232 rubent
526 1173 647 1232 intextoe
660 1173 788 1231 crinibus
800 1192 873 1231 uvae.

178 1272 235 1332 Ille
248 1274 439 1352 obit-usque
453 1274 524 1333 adeo
536 1275 631 1334 brevis
644 1286 688 1334 est
701 1276 826 1333 humana
839 1274 988 1354 voluptas!

178 1375 298 1454 Insigne
311 1377 485 1437 horrendum
499 1378 581 1447 lethi,
595 1378 760 1457 tumulique
773 1378 914 1455 supellex,

178 1479 326 1538 Continuo
339 1481 417 1540 subit
431 1502 462 1540 os
474 1481 608 1551 hominis,
624 1482 671 1540 cui
683 1481 776 1559 gratia
790 1481 883 1540 nudos

177 1581 273 1641 Nulla
285 1603 373 1660 genas
386 1585 483 1652 vestit,
498 1583 630 1661 nullique
642 1584 673 1641 in
687 1583 795 1643 vertice
809 1583 920 1655 crines3

178 1686 260 1745 Hinc
273 1697 360 1765 atque
373 1686 441 1746 hinc
454 1707 534 1745 rarus
547 1687 633 1746 fracti
646 1687 752 1746 circum
766 1687 822 1745 oris
835 1687 948 1746 hiatum

178 1789 261 1849 Dens
274 1791 364 1850 boeret
377 1791 501 1869 passim;
523 1791 672 1855 excutitur
685 1790 814 1849 defossus
827 1800 950 1868 utroque

178 1893 255 1953 Sede
268 1893 377 1963 oculus,
392 1904 585 1972 moestumque
599 1894 679 1952 intus
693 1903 840 1972 spectatur
853 1893 947 1952 inane.

217 1997 326 2056 Avolat
340 1997 400 2056 haec
414 1998 508 2055 subito
521 1997 670 2056 notissima
683 1997 784 2056 mortis
797 1997 900 2075 imago,

177 2099 221 2158 At
234 2100 325 2178 magis
338 2099 522 2168 horrendum,
536 2101 627 2176 msgis
640 2099 787 2159 illaetabile
801 2111 946 2178 spectrum

176 2203 346 2262 Adventare
360 2215 477 2273 monet3
498 2204 604 2262 sensim
618 2224 648 2263 se
662 2203 745 2262 tardo
758 2204 886 2262 tenebris

177 2307 273 2366 Effert
287 2308 394 2386 effigies
409 2306 516 2386 (qualis
530 2327 583 2365 nec
597 2306 705 2365 tristior
719 2306 779 2365 ulla

177 2394 282 2470 Terret
296 2431 395 2480 anum,
410 2412 545 2489 hybernae
558 2429 610 2488 per
624 2409 686 2467 dira
699 2408 815 2467 silentio
827 2409 929 2476 noctis,

177 2513 312 2592 Sopitum
325 2514 395 2573 dum
409 2513 469 2573 sola
482 2513 585 2572 sedens
597 2512 732 2571 dormitat
746 2512 782 2571 od
797 2513 912 2591 ignem;
940 2532 941 2535 ¹

177 2616 253 2675 Cum
267 2627 359 2676 certos
372 2617 481 2676 umbroe
494 2614 636 2674 adventus
649 2614 819 2691 subitusque
832 2613 958 2673 lucernoe

159 2744 162 2751 ⁴
177 2720 337 2799 Praesignat
351 2718 443 2798 pallor
455 2729 555 2778 tractos
568 2718 736 2798 stridorque
744 2719 867 2795 cntenae)

176 2823 337 2882 Descendit
351 2823 424 2882 stola
436 2822 568 2900 lugubris
582 2822 618 2880 de
632 2822 740 2881 vertice
754 2821 790 2878 ad
803 2821 874 2879 imos

175 2927 214 2987 In
227 2928 333 2987 nodum
347 2926 466 2986 collecta
479 2925 585 3005 pedes;
608 2925 712 2984 taedom
726 2924 776 2983 illa
789 2924 905 2983 sinistro

176 3030 337 3090 Praetendit
351 3025 487 3096 feralem,¹
495 3038 525 3088 et
539 3027 719 3087 formidabile
731 3025 831 3105 pollet.

176 3133 205 3193 O
218 3153 368 3212 nunquam
381 3133 435 3191 tibi
449 3131 559 3191 visendi
573 3142 634 3191 tam
648 3131 769 3189 funebre
783 3140 943 3188 monstrum

176 3236 223 3296 Sit
237 3237 377 3306 studium,
391 3237 472 3314 virgo
480 3259 488 3305 ;
510 3236 541 3293 in
555 3235 660 3293 somnis
673 3234 727 3293 tibi
741 3234 823 3293 triste
837 3244 964 3292 recurret

174 3339 282 3401 Visum
294 3363 303 3412 ;
324 3340 441 3400 sudabis
454 3340 571 3408 frustra,
586 3339 750 3416 frustraque
763 3338 892 3416 requires
