2408 4252
541 417 659 458 vorum.
988 399 1023 469 71

175 555 258 617 Porti
269 567 358 633 atque
369 555 516 635 impavido
528 576 662 634 suprema
675 558 725 617 ubi
738 557 851 616 venerit
865 557 943 625 hora,

214 659 281 718 Hoc
293 659 366 717 mihi
378 659 429 737 qui
443 657 530 729 dicat,
544 660 592 728 sit,
607 670 778 739 repetatque
790 659 872 719 vale:

176 764 314 822 Mortuus
324 783 363 831 es,
375 762 423 821 cni
433 762 547 821 nullum
559 774 610 823 aut
620 784 704 824 mane
714 774 765 823 aut
773 783 901 842 vespere,
911 762 1025 822 nullum

213 865 278 924 Aut
291 865 398 924 siccum
411 875 462 924 aut
475 864 631 934 madidum,
648 866 736 944 Pope,
751 865 855 925 videbo
868 885 975 944 parem.

176 968 270 1048 AEquo
283 968 413 1027 mimum
426 968 555 1047 imperio,
570 979 625 1028 etc.

180 1278 275 1351 Quam
289 1281 406 1339 fortuna
419 1280 509 1349 dedit,
524 1280 631 1339 fabella
644 1280 694 1339 nbi
707 1280 763 1339 rite
776 1288 892 1357 peracta

216 1382 348 1442 Exierim
361 1403 446 1442 scena
459 1383 543 1453 clam,
558 1383 740 1462 strepituque
752 1382 872 1462 procul,·

179 1485 219 1544 Et
232 1485 374 1565 placidam
388 1488 528 1556 exuerim,
543 1487 636 1547 carnis
648 1508 713 1546 cum
727 1470 817 1556 veste,
832 1496 985 1555 senectam,

216 1589 343 1650 Pulvere
356 1611 403 1650 me
417 1593 553 1651 comitum
568 1591 671 1652 condat
686 1593 776 1651 amica
789 1613 899 1652 manus.

179 1691 271 1770 AEquo
285 1693 414 1793 animum
427 1693 556 1772 imperio,
571 1705 625 1754 etc.

180 1899 231 1958 Me
244 1899 287 1957 nil
301 1899 434 1970 solicitat,
449 1921 554 1959 saxone
567 1921 604 1959 an
618 1903 727 1981 cespite
740 1904 846 1981 signer,

217 2003 249 2060 N
250 2002 358 2062 ominet
371 2024 408 2061 an
422 2003 554 2063 tumulus
568 2025 625 2074 me,
639 2005 759 2065 sileatne
772 2026 863 2066 meus.

181 2103 265 2163 Mille
279 2105 329 2163 ubi
343 2106 512 2166 transierint
523 2108 600 2177 anni,
614 2129 679 2186 quoe
692 2119 775 2168 tanta
788 2120 925 2189 sequetur

218 2207 327 2277 Gloria,
341 2209 366 2267 si
380 2209 475 2268 forsan
488 2209 573 2269 litera
585 2211 653 2270 bina
667 2211 765 2290 legar?

181 2311 272 2390 AEquo
286 2313 415 2370 animum
429 2313 559 2392 imperio,
573 2323 627 2373 etc.

183 2519 213 2578 Si
221 2531 325 2579 tamen
337 2520 389 2578 hos
402 2540 512 2588 versus,
526 2521 637 2599 siquem
652 2521 754 2601 legisse
764 2524 889 2600 juvabit,

219 2624 285 2683 Hoc
298 2621 372 2682 addo
384 2624 500 2702 optatiS,
514 2634 544 2683 et
558 2625 718 2702 superaddo
731 2627 820 2686 nihil:

377 2740 385 2776 l

341 2919 353 2944 ¹²
370 2913 662 2970 —---Precor,
673 2913 764 2978 integra

373 2993 436 3043 Cum
445 3002 534 3051 mente,
544 3010 589 3043 nec
599 3003 691 3060 turpem
702 3007 822 3056 senectam

374 3075 476 3140 Degere,
487 3091 532 3124 nec
543 3074 635 3124 cithara
645 3083 774 3124 carentem.
894 3079 961 3128 Hor.

212 3165 222 3189 ⁰
238 3157 289 3206 The
300 3165 355 3223 poet
364 3172 486 3222 presumes
501 3157 532 3206 he
546 3156 608 3205 shall
624 3156 684 3205 hove
701 3172 782 3221 every
793 3157 857 3205 short
872 3159 919 3207 and
935 3159 1027 3208 modest

182 3240 284 3307 epitaph,
295 3240 316 3288 it
325 3255 387 3305 any;
403 3239 460 3303 only
470 3239 510 3288 the
521 3247 568 3287 two
578 3239 628 3288 first
638 3237 718 3287 letters
728 3238 755 3286 of
764 3237 801 3287 his
812 3254 890 3287 name.

309 3327 321 3361 Ρ
337 3322 500 3377 -Νοη,
513 3329 540 3370 ut
549 3337 587 3370 me
597 3320 693 3369 miretur
703 3321 781 3379 turha,
791 3321 878 3377 laboro,

343 3404 474 3454 Contentus
484 3404 567 3471 paneis
577 3402 713 3453 lectoribus.
