2408 4252
299 367 359 428 204
580 389 683 430 cauno
696 389 877 430 mentusca.

301 527 392 587 Hunc
404 538 592 606 preterveoto
604 527 741 607 lapidem,
755 529 805 607 qui
818 529 968 608 proximus
981 529 1087 598 instat,

338 631 437 690 Millia
449 633 576 710 signabit
589 632 760 710 praeteriisse
774 633 840 692 duo.

192 801 201 809 ,
298 733 360 792 Vix
373 755 390 794 e
403 747 568 814 conspectu,
582 736 631 794 vix
645 756 708 795 sese
721 737 772 795 ubi
785 738 937 796 submovet
950 736 1012 806 ille,

337 837 450 897 Ordine
463 839 513 916 qui
526 839 659 908 subeant,
674 838 748 898 alter
761 850 791 899 et
804 839 878 899 alter
890 850 996 898 erunt:

298 940 425 1009 Tertius
434 951 465 1000 et
475 942 811 1021 quartus-quintusque
820 942 898 1001 haud
909 942 1024 1002 conficit
1034 943 1136 1002 horam
1146 966 1155 1014 ς

336 1043 409 1102 Tam
423 1043 536 1123 placido
548 1055 673 1123 pergunt
686 1066 778 1124 usque
791 1055 891 1105 tenore
904 1046 966 1104 viae.

297 1146 409 1224 Ignotae
422 1158 538 1208 tantum
551 1158 669 1227 praestat
683 1149 822 1208 distantia
835 1158 922 1220 nota,-

335 1251 433 1311 Millia
447 1274 511 1330 quae
524 1253 620 1312 reddit
633 1252 727 1332 plura,
742 1253 896 1332 minusque
909 1253 972 1312 vise.

515 1823 659 1883 CAUPO
680 1822 925 1882 MEDIATOR.
1013 1833 1016 1837 ’

292 1981 359 2040 Suu
373 1981 410 2040 lis
423 1981 557 2041 inciderit
571 1980 719 2041 muliebris
732 1981 794 2040 sive
806 1981 907 2050 virilis,

330 2085 430 2164 Caupo
444 2086 543 2146 statim
556 2085 627 2144 rixae
641 2084 803 2164 pacificator
816 2085 907 2144 adest.

292 2188 349 2248 Ille
363 2189 549 2267 interponens
563 2209 634 2257 sese,
655 2189 791 2248 “Pacem
805 2189 913 2268 impero
925 2189 1036 2258 vobis,”

329 2292 441 2371 Inquit,
463 2298 482 2324 “
491 2302 521 2351 et
534 2292 565 2349 in
579 2291 655 2369 regis
668 2292 784 2351 nomine
798 2312 891 2370 posco,
905 2313 973 2370 rogo
983 2295 1011 2351 :”

290 2394 439 2474 Praecipue
452 2405 565 2464 cautus,
579 2415 616 2454 ne
629 2396 716 2454 verba
729 2395 761 2452 in
774 2396 894 2454 verbera
909 2394 1025 2464 cedant,

330 2497 461 2578 Respicit
475 2499 542 2558 hinc
556 2498 698 2577 pugilum,
712 2498 829 2577 respicit
843 2498 912 2558 inde
924 2519 1040 2559 manus.

289 2601 360 2660 Neu
373 2601 448 2661 desit
461 2601 627 2680 quidquam,
642 2612 783 2679 quantum
798 2600 933 2661 facundia
946 2602 1052 2680 possit,

328 2703 447 2773 Tentat,
462 2715 492 2763 et
505 2705 555 2764 has
568 2725 651 2764 voces
665 2705 746 2764 addit
759 2715 790 2763 et
803 2705 880 2764 hisce
893 2724 986 2782 pares.

289 2806 429 2866 “Tollite
441 2808 619 2878 barbariem3
641 2807 728 2866 vicini
742 2818 843 2877 estote,
858 2806 934 2886 quod
949 2808 1037 2868 estis:

327 2909 465 2970 Imbelles
478 2912 587 2969 animos
601 2911 697 2988 arguit
710 2911 766 2970 iste
780 2911 868 2971 furor.

288 3014 368 3085 Quin
382 3013 464 3072 sociis
478 3034 592 3073 mecum
605 3014 700 3073 foedus
713 3025 849 3074 renovate
863 3013 993 3092 lagenis;

326 3116 420 3176 Loedit
434 3117 511 3175 enim
525 3128 600 3176 totas
613 3116 649 3176 lis
661 3117 778 3176 inimica
792 3117 916 3177 domos.”

288 3221 383 3278 Nemo
396 3220 487 3298 magis
499 3239 625 3298 praesens
639 3219 689 3279 illo
703 3232 747 3280 est
761 3242 928 3300 componere
942 3221 1030 3293 lites;

327 3322 387 3382 Sed
400 3323 505 3382 nebulo
518 3324 605 3383 siccas
619 3324 679 3383 odit
693 3325 843 3384 amicitias.
