2408 4252
180 392 238 452 184
354 411 517 454 aemonae
531 414 608 454 nour
625 415 668 453 nr
682 415 775 465 ntur,
792 415 863 455 erc.

219 551 262 610 At
275 551 363 611 simul
376 553 467 629 ejecto
480 553 551 612 vitia
564 554 694 632 irrupere
708 553 826 631 pudore,

178 655 321 734 Disrupto
334 655 450 734 rapidus
464 656 556 715 veluti
570 656 644 714 solet
658 657 738 714 obice
751 668 882 725 torrere,-

179 760 310 819 Condere
323 770 388 818 turn
402 759 490 838 leges,
505 761 601 838 siquos
614 761 777 818 reverentia
791 759 891 818 divum

179 864 275 922 Movit
290 863 394 931 adhuc,
408 862 531 942 coepere,
547 862 618 922 fides
631 884 678 932 ne,
693 884 830 942 sacraque
840 864 918 941 jura,

180 966 305 1045 Ipsaque
318 967 436 1026 virtutis
449 967 566 1045 penitus
579 977 766 1027 monumenta
779 967 919 1045 perirent.

218 1070 305 1142 Quod
318 1071 413 1129 sinon
427 1070 532 1148 aliqua,
547 1080 581 1129 ut
595 1070 699 1129 misere
713 1070 873 1138 contendis,
887 1069 1001 1129 inesset

178 1173 235 1232 Vis
249 1174 347 1233 nativa
361 1173 452 1242 Bono,
467 1168 531 1252 quae
545 1173 609 1252 lege
623 1173 768 1252 antiquior
780 1173 869 1242 omni,

178 1277 240 1335 Cur
252 1297 320 1345 non,
335 1297 400 1336 cum
414 1277 445 1334 in
459 1277 563 1336 vitium
577 1279 659 1355 proni
673 1277 828 1355 rapiamur,
842 1276 973 1336 honestis

181 1379 410 1458 Postpositisque
423 1380 515 1449 bonis,
530 1372 682 1439 inhonesta
696 1391 726 1439 et
739 1401 827 1458 prava
838 1380 1005 1458 jubentur?

218 1483 338 1543 Scilicet
352 1495 460 1543 aeterna
474 1495 518 1543 est
532 1484 635 1553 virtus,
650 1505 723 1563 quae,
740 1484 864 1563 Regale,
878 1485 942 1545 visa
955 1496 1013 1554 est,

180 1587 254 1645 Tam
269 1588 391 1646 formosa
404 1588 475 1646 tibi:
498 1598 576 1646 certe
590 1588 653 1657 dea,
668 1588 793 1668 Regale,
807 1589 869 1647 visa
881 1601 936 1659 est,

179 1689 280 1749 Ausus
294 1711 356 1750 eras
369 1711 429 1769 prae
442 1711 499 1768 qua
512 1690 704 1770 lacrymantes
717 1693 836 1770 rejicere
849 1713 866 1751 a
880 1704 913 1752 te

181 1793 318 1865 Uxorem,
333 1804 473 1873 natosque
485 1806 561 1864 tuos,
576 1805 730 1874 certusque
743 1795 846 1868 redire,

179 1897 336 1956 Poenorum
350 1898 458 1957 rabiem
472 1908 560 1976 atque
573 1899 707 1958 ultricem
720 1910 851 1958 temnere
864 1911 1000 1960 mortem.

179 2001 259 2080 Ergo
273 2001 361 2061 etiam
374 2003 440 2071 seri,
455 2012 520 2081 post
533 2011 577 2061 tot
590 2023 705 2080 quoque
717 2003 818 2072 saec'la,
833 2015 955 2082 nepotes

179 2104 321 2163 Divinum
335 2105 483 2183 exemplar
496 2105 586 2164 tacito
599 2117 775 2165 venerantur
788 2108 903 2166 honore.

218 2208 272 2278 At,
287 2209 361 2268 lucis
373 2219 518 2278 metuens,
533 2210 676 2278 tenebras,
691 2220 721 2268 et
735 2210 828 2269 noctis
840 2230 937 2288 opacae

179 2311 311 2391 'l'egmen
324 2323 402 2372 amat
416 2313 539 2384 vitium;
561 2313 612 2372 sed
624 2333 679 2372 nec
693 2313 862 2373 densissima
875 2314 971 2375 noctis

179 2415 290 2475 Umbra
303 2417 382 2477 valet
395 2417 535 2476 miserum
548 2439 565 2476 a
578 2417 682 2496 seipso,
697 2417 790 2476 celare
803 2428 967 2477 nocentem.

178 2517 264 2578 Intus
278 2521 338 2598 agit
352 2520 486 2580 stimulos
501 2541 582 2580 mens
597 2521 709 2580 conscia
721 2541 810 2598 seque
823 2520 939 2599 flagello

179 2623 349 2702 Insequitur
361 2644 444 2694 creco,
459 2634 567 2683 tortore
580 2623 699 2682 ferocior
712 2623 799 2684 omni.

217 2727 250 2784 N
251 2747 284 2786 ec
296 2747 460 2806 quenquam
476 2748 543 2805 ergo
556 2727 628 2786 adeo
639 2728 759 2786 rationis
772 2746 857 2804 egere
870 2730 1026 2806 putarem,¹

179 2830 250 2901 Qui,
265 2830 299 2899 si,
314 2831 390 2909 quod
404 2831 484 2910 turpi
498 2831 604 2908 satagit
618 2831 785 2908 conquirere
797 2830 912 2899 fraude,

178 2930 300 2992 Lucrari
313 2932 388 2992 illud
400 2934 479 2992 idem
492 2943 588 3012 posset
602 2933 665 2992 sine
678 2932 790 3001 fraude,
805 2945 944 3010 negaret;

178 3036 221 3096 Et
234 3037 294 3095 voti
308 3036 399 3096 nollet
412 3037 484 3107 fieri,
500 3038 555 3096 nisi
569 3037 699 3105 crimine,
713 3056 835 3114 compos.

218 3139 239 3197 J
240 3160 296 3208 am,
312 3140 366 3199 sibi
377 3141 429 3219 qui
443 3141 566 3218 ignoscit
579 3140 702 3219 propriis
715 3139 794 3198 vitiis
808 3139 878 3198 satis
892 3160 1005 3220 aquus,

178 3243 335 3303 Censorem
349 3244 503 3303 mendosus
517 3245 596 3320 agit3
618 3243 736 3302 desaevit
750 3244 864 3321 etipse,

178 3347 308 3406 Censura
321 3347 441 3426 dignum
455 3348 480 3406 si
493 3347 651 3426 quidquam
665 3345 814 3406 admiserit
827 3346 910 3406 alter.
