2408 4252
178 386 239 446 222
550 403 665 445 nrrrnx.

179 544 276 617 Quam
289 554 394 603 natura
408 543 499 614 dedit,
513 545 606 604 forms
619 554 764 613 contenta,
778 545 907 623 satisque
982 577 985 584 ,

125 697 129 707 .
219 645 355 713 Pulchra,
369 645 531 723 adjumenti
543 646 587 705 nil
600 645 719 706 aliunde
731 646 816 726 petit.

180 750 255 809 Tota
267 749 394 828 placens,
407 758 438 808 et
451 759 513 808 tota
526 748 641 818 decens,
655 761 685 810 et
699 760 761 809 toto
773 762 907 821 venusta,

219 852 320 930 Auget
333 872 404 931 ques
417 852 501 922 celet,
515 873 643 932 quosque
655 853 765 913 revelat
778 875 857 933 opes.

180 956 262 1015 Huic
275 957 397 1015 formem
409 956 548 1026 invideat,
562 977 627 1036 quoe
640 957 760 1016 formam
776 959 899 1019 accersit
913 959 1030 1029 oberte,

220 1058 263 1118 Et
275 1078 343 1137 pars
354 1058 459 1136 exiguo
472 1067 517 1118 est
530 1060 592 1137 ipso
604 1058 705 1138 puells
716 1059 777 1119 sui:

182 1163 267 1236 Qure,
281 1161 358 1222 male
370 1161 530 1240 dedignans
543 1163 651 1223 nativis
663 1163 779 1223 dotibus
792 1165 848 1234 uti,

196 1250 198 1256 ¹
220 1267 374 1336 Ornetum,
389 1282 452 1326 sese
464 1287 521 1344 qno
534 1265 716 1336 dehonestet,
730 1267 810 1326 emit.

181 1372 222 1430 Et
236 1369 322 1430 simul
335 1379 481 1447 agnoscat,
495 1389 615 1429 veneres
626 1369 742 1448 quando
755 1369 867 1430 invidet
880 1371 961 1439 istos,
973 1382 975 1387 ’

219 1472 419 1551 Quodcunque
433 1481 478 1532 est
491 1472 624 1551 simplex,
639 1473 714 1532 illud
727 1482 757 1532 et
770 1493 832 1534 esse
846 1473 963 1534 decens.

547 1792 665 1804 *-

531 2043 685 2104 LIMAX.

182 2207 372 2264 Fuounrsus
386 2217 416 2263 et
429 2204 521 2282 pomis
534 2203 687 2281 herbisque
700 2203 841 2261 tenaciter
854 2203 946 2262 hoerct

219 2309 333 2376 Limen,
348 2318 377 2367 et
394 2327 491 2366 semim
504 2317 599 2385 portat
612 2306 721 2384 ubique
733 2305 861 2365 domum.

181 2412 278 2471 Tutus
290 2413 322 2497 in
335 2411 389 2469 hsc
402 2430 464 2469 sese
477 2409 611 2478 occultet,
625 2409 765 2488 siquando
777 2408 929 2488 peric'lum

220 2515 369 2582 Imminet,
384 2523 435 2572 aut
448 2514 551 2573 subitae
565 2513 672 2573 decidit
685 2513 778 2572 imber
790 2533 881 2591 nquoe.
983 2551 986 2555 -

53 2693 57 2696 Δ
181 2619 296 2678 Cornus
309 2617 357 2675 vel
369 2615 473 2675 leviter
486 2627 597 2694 tanges,
612 2634 642 2674 se
658 2617 790 2693 protinus
802 2617 834 2674 in
848 2636 880 2674 se

220 2718 350 2797 Colligit,
364 2719 395 2777 in
409 2719 536 2797 proprios
550 2719 786 2796 contrahiturqne
798 2718 880 2778 lares.

182 2823 288 2882 Secum
296 2823 418 2892 habitat,
427 2842 596 2902 quocunque
604 2822 716 2881 habitet
725 2844 734 2891 ;
752 2822 806 2881 sibi
814 2833 877 2881 tota
885 2821 1018 2902 supellex
1027 2845 1035 2892 ;

221 2926 305 2995 Solae,
320 2946 391 3004 quas
405 2925 528 2994 adamat,
542 2946 670 3004 quasque
682 2899 813 3004 requirit,
827 2945 905 3005 opes.

183 3029 288 3088 Secum
301 3034 394 3107 potet,
408 3029 480 3097 edit,
493 3029 617 3099 dormit;
639 3029 693 3088 sibi
707 3030 738 3086 in
752 3028 862 3088 aedibns
873 3027 969 3089 isdem

221 3131 351 3190 Conviva
362 3140 393 3190 et
407 3151 500 3191 comes
512 3142 567 3202 est,
582 3133 684 3210 hospes
698 3143 728 3191 et
741 3132 909 3211 hospitium.

181 3234 340 3302 Limacem,
353 3253 523 3313 quocunque
537 3235 602 3303 siet,
616 3255 788 3314 quacunque
801 3245 940 3305 moretur,

222 3334 336 3415 (Siquis
349 3358 416 3396 eum
430 3341 555 3416 quoeret)
569 3338 677 3398 dixeris
691 3359 753 3398 esse
766 3339 851 3398 domi.
