2408 4252
180 386 240 447 280
293 420 295 425 ·
411 407 575 449 unacum
587 407 725 457 uacauit,
740 409 812 448 nnc.

181 543 227 604 Te
236 544 350 622 justum
364 545 534 605 memorabit
547 547 752 628 integrumque

180 647 319 719 Morum3
340 659 371 709 tc
382 649 512 709 tenebris
525 649 698 729 silentioque

180 755 218 814 ln
232 755 329 816 lucem
342 757 455 835 eripiet,
470 755 607 836 dabitque
620 757 714 827 famae,

179 858 276 919 Annia
290 859 368 938 quod
381 859 490 930 deerat,
504 861 709 939 superfutnroe.

180 961 323 1024 Nascenti
336 962 414 1042 quod
427 974 457 1022 et
471 965 613 1023 obseravit
627 984 720 1032 auree,

181 1067 224 1126 Et
237 1067 346 1146 lingtrae
359 1066 459 1126 docilia
473 1068 591 1145 negavit
603 1087 709 1136 uaum;

180 1171 247 1229 Hoc
260 1190 357 1230 rerum
369 1170 425 1230 tibi
438 1169 605 1230 consulebat
617 1181 734 1229 auctor:

180 1272 213 1330 N
213 1291 230 1331 e
243 1292 350 1350 purum
363 1270 440 1330 mala
452 1282 556 1350 pectus
567 1271 734 1350 inquinaret

181 1374 308 1434 Ubertaa
320 1375 396 1445 vitii,
411 1385 441 1434 et
454 1374 546 1435 libido
557 1375 670 1454 culpoe3

180 1477 354 1558 corruptam
367 1479 485 1548 scelere,
499 1489 530 1538 et
543 1479 601 1538 fide
614 1487 760 1539 carentem

179 1580 212 1640 N
212 1602 229 1642 e
242 1583 322 1642 frana
335 1593 470 1660 argueret
484 1581 625 1662 dolusque
637 1592 782 1643 mentem:

181 1686 224 1745 Ut
237 1706 326 1765 prava
339 1686 402 1746 sine
416 1686 490 1755 labe,
505 1685 660 1765 occulique

181 1789 312 1849 presens
325 1789 473 1868 nequitia,
487 1808 542 1849 nec
554 1790 716 1849 interesses.

180 1893 333 1952 Humanas
346 1914 442 1972 neque
455 1913 500 1952 reo
514 1904 545 1952 et
559 1894 686 1952 actiones

179 1996 338 2075 Spectabat
351 1997 458 2067 minus,
473 2008 507 2055 ut
521 1996 568 2056 vel
580 1996 643 2066 hoc,
657 1996 704 2056 vel
718 1996 803 2064 illud,

179 2099 239 2160 Vel
252 2100 410 2179 quidquam
423 2102 540 2178 fugeret
552 2110 638 2159 tuum
650 2121 780 2177 sagacem

179 2204 326 2283 Captum3
347 2205 418 2282 quin
432 2204 560 2272 calanus,
574 2212 605 2262 et
618 2204 671 2261 hoc
683 2214 715 2262 et
727 2202 810 2270 illud,

179 2307 360 2384 Expressum
373 2307 404 2365 in
418 2306 532 2366 tabulae
544 2307 644 2365 atatim
657 2305 787 2366 referres.

180 2409 355 2489 Quanquam
369 2409 452 2470 nulla
464 2410 520 2468 tibi
533 2408 715 2468 necessitudo

77 2586 79 2590 Ι
178 2515 254 2574 Cum
268 2514 349 2575 libris
362 2515 421 2573 fuit
428 2535 438 2584 ;
458 2513 490 2573 id
502 2511 638 2591 rependit
650 2531 745 2580 omne,

181 2616 284 2690 (Quod
297 2618 365 2676 vitoe
378 2617 496 2696 propius
509 2606 568 2676 tua
581 2615 732 2704 magisque

179 2720 308 2797 Allusit)
323 2719 453 2781 studium
467 2719 580 2780 silentia
592 2719 672 2778 artis.

180 2824 295 2883 Maturi
307 2824 380 2882 mihi
393 2825 436 2882 vis
449 2823 541 2882 amica
554 2823 609 2883 fati

179 2927 256 2986 Cum
269 2926 366 2997 lucem
378 2928 440 2986 fere
454 2926 589 2986 clauserit
602 2945 776 3004 supremam,

179 3030 254 3090 Tam
267 3041 376 3098 sanae,
390 3030 513 3109 placide,
527 3031 576 3108 pie
589 3040 734 3108 peractam

178 3135 308 3194 AEtatem
322 3135 376 3193 oh!
398 3133 530 3202 recolam,
545 3131 766 3212 recolligamque
884 3168 885 3172 =

159 3265 163 3272 ·
180 3239 274 3317 Tmpi
287 3238 407 3298 crimine
420 3249 481 3297 tam
494 3236 594 3316 procul
607 3246 748 3318 remotam
755 3260 765 3306 3

179 3341 212 3402 N
212 3363 249 3401 on
263 3353 318 3412 eat,
331 3342 409 3421 quod
421 3360 538 3421 superos
551 3341 632 3420 prius
645 3339 780 3419 rogarim.
