<?xml version="1.0" encoding="UTF-8"?>
<!DOCTYPE html PUBLIC "-//W3C//DTD XHTML 1.0 Transitional//EN"
    "http://www.w3.org/TR/xhtml1/DTD/xhtml1-transitional.dtd">
<html xmlns="http://www.w3.org/1999/xhtml" xml:lang="en" lang="en">
 <head>
  <title>
</title>
<meta http-equiv="Content-Type" content="text/html;charset=utf-8" />
  <meta name='ocr-system' content='tesseract 3.04.00' />
  <meta name='ocr-capabilities' content='ocr_page ocr_carea ocr_par ocr_line ocrx_word'/>
</head>
<body>
  <div class='ocr_page' id='page_1' title='image "./poematalatinepa00bourgoog_0256.png"; bbox 0 0 2408 4252; ppageno 0'>
   <div class='ocr_carea' id='block_1_1' title="bbox 570 393 630 453">
    <p class='ocr_par' dir='ltr' id='par_1_1' title="bbox 570 393 630 453">
     <span class='ocr_line' id='line_1_1' title="bbox 570 393 630 453; baseline -0.017 0"><span class='ocrx_word' id='word_1_1' title='bbox 570 393 630 453; x_wconf 75' lang='lat'><strong>223</strong></span> 
     </span>
    </p>
   </div>
   <div class='ocr_carea' id='block_1_2' title="bbox 471 608 737 659">
    <p class='ocr_par' dir='ltr' id='par_1_2' title="bbox 471 608 737 659">
     <span class='ocr_line' id='line_1_2' title="bbox 471 608 737 659; baseline -0.011 0"><span class='ocrx_word' id='word_1_2' title='bbox 471 609 593 659; x_wconf 83' lang='grc' dir='ltr'><strong>ΠΑΝΤΑ</strong></span> <span class='ocrx_word' id='word_1_3' title='bbox 614 608 737 658; x_wconf 68' lang='lat' dir='ltr'><strong>moos.</strong></span> 
     </span>
    </p>
   </div>
   <div class='ocr_carea' id='block_1_3' title="bbox 175 755 988 3399">
    <p class='ocr_par' dir='ltr' id='par_1_3' title="bbox 175 755 954 1354">
     <span class='ocr_line' id='line_1_3' title="bbox 175 755 941 836; baseline -0.004 -19"><span class='ocrx_word' id='word_1_4' title='bbox 175 758 325 817; x_wconf 72' lang='lat' dir='ltr'><strong>Huuouu</strong></span> <span class='ocrx_word' id='word_1_5' title='bbox 338 777 396 836; x_wconf 90' lang='lat' dir='ltr'><strong>quo</strong></span> <span class='ocrx_word' id='word_1_6' title='bbox 408 758 487 817; x_wconf 82' lang='lat' dir='ltr'><strong>fama</strong></span> <span class='ocrx_word' id='word_1_7' title='bbox 499 757 587 818; x_wconf 85' lang='lat' dir='ltr'><strong>abiit!</strong></span> <span class='ocrx_word' id='word_1_8' title='bbox 609 757 784 835; x_wconf 79' lang='lat' dir='ltr'><strong>vulgatoque</strong></span> <span class='ocrx_word' id='word_1_9' title='bbox 797 755 941 834; x_wconf 81' lang='lat' dir='ltr'><strong>quondum</strong></span> 
     </span>
     <span class='ocr_line' id='line_1_4' title="bbox 214 860 831 939; baseline -0.002 -20"><span class='ocrx_word' id='word_1_10' title='bbox 214 860 355 939; x_wconf 90' lang='lat' dir='ltr'><strong>Antiquis</strong></span> <span class='ocrx_word' id='word_1_11' title='bbox 368 860 419 921; x_wconf 85' lang='lat' dir='ltr'><strong>ubi</strong></span> <span class='ocrx_word' id='word_1_12' title='bbox 432 871 501 920; x_wconf 85' lang='lat' dir='ltr'><strong>sunt</strong></span> <span class='ocrx_word' id='word_1_13' title='bbox 514 861 631 920; x_wconf 84' lang='lat' dir='ltr'><strong>nomino</strong></span> <span class='ocrx_word' id='word_1_14' title='bbox 643 862 675 919; x_wconf 93' lang='lat' dir='ltr'><strong>in</strong></span> <span class='ocrx_word' id='word_1_15' title='bbox 688 861 831 919; x_wconf 84' lang='lat' dir='ltr'><strong>historiis!</strong></span> 
     </span>
     <span class='ocr_line' id='line_1_5' title="bbox 176 943 911 1043; baseline -0.001 -20"><span class='ocrx_word' id='word_1_16' title='bbox 176 964 248 1025; x_wconf 88' lang='lat' dir='ltr'><strong>Heu</strong></span> <span class='ocrx_word' id='word_1_17' title='bbox 259 968 266 1023; x_wconf 74' lang='grc' dir='ltr'>ἔ</span> <span class='ocrx_word' id='word_1_18' title='bbox 288 973 397 1043; x_wconf 79' lang='lat' dir='ltr'><strong>quanta</strong></span> <span class='ocrx_word' id='word_1_19' title='bbox 410 965 543 1024; x_wconf 85' lang='lat' dir='ltr'><strong>humanis</strong></span> <span class='ocrx_word' id='word_1_20' title='bbox 557 965 657 1024; x_wconf 89' lang='lat' dir='ltr'><strong>insunt</strong></span> <span class='ocrx_word' id='word_1_21' title='bbox 670 943 795 1024; x_wconf 67' lang='lat' dir='ltr'><strong>ludibrio</strong></span> <span class='ocrx_word' id='word_1_22' title='bbox 808 965 911 1023; x_wconf 86' lang='lat' dir='ltr'><strong>rebus!</strong></span> 
     </span>
     <span class='ocr_line' id='line_1_6' title="bbox 216 1067 922 1146; baseline 0 -20"><span class='ocrx_word' id='word_1_23' title='bbox 216 1067 324 1138; x_wconf 78' lang='lat' dir='ltr'><strong>Gloria,</strong></span> <span class='ocrx_word' id='word_1_24' title='bbox 339 1088 405 1127; x_wconf 89' lang='lat' dir='ltr'><strong>oum</strong></span> <span class='ocrx_word' id='word_1_25' title='bbox 417 1078 533 1127; x_wconf 81' lang='lat' dir='ltr'><strong>tontum</strong></span> <span class='ocrx_word' id='word_1_26' title='bbox 547 1069 646 1146; x_wconf 80' lang='lat' dir='ltr'><strong>gloria,</strong></span> <span class='ocrx_word' id='word_1_27' title='bbox 661 1068 847 1146; x_wconf 79' lang='lat' dir='ltr'><strong>quamnihili</strong></span> <span class='ocrx_word' id='word_1_28' title='bbox 860 1069 922 1128; x_wconf 87' lang='lat' dir='ltr'><strong>est!</strong></span> 
     </span>
     <span class='ocr_line' id='line_1_7' title="bbox 176 1171 954 1250; baseline 0 -21"><span class='ocrx_word' id='word_1_29' title='bbox 176 1171 348 1250; x_wconf 84' lang='lat' dir='ltr'><strong>Pompeium</strong></span> <span class='ocrx_word' id='word_1_30' title='bbox 361 1171 426 1250; x_wconf 88' lang='lat' dir='ltr'><strong>quis</strong></span> <span class='ocrx_word' id='word_1_31' title='bbox 439 1173 592 1250; x_wconf 88' lang='lat' dir='ltr'><strong>oonjioeret</strong></span> <span class='ocrx_word' id='word_1_32' title='bbox 605 1192 684 1231; x_wconf 88' lang='lat' dir='ltr'><strong>nuno</strong></span> <span class='ocrx_word' id='word_1_33' title='bbox 696 1192 759 1232; x_wconf 79' lang='lat' dir='ltr'><strong>esse</strong></span> <span class='ocrx_word' id='word_1_34' title='bbox 772 1171 934 1232; x_wconf 77' lang='lat' dir='ltr'><strong>Molossum</strong></span> <span class='ocrx_word' id='word_1_35' title='bbox 947 1173 954 1229; x_wconf 90' lang='lat'>!</span> 
     </span>
     <span class='ocr_line' id='line_1_8' title="bbox 217 1275 857 1354; baseline -0.002 -21"><span class='ocrx_word' id='word_1_36' title='bbox 217 1275 330 1334; x_wconf 79' lang='lat' dir='ltr'><strong>Caesoro</strong></span> <span class='ocrx_word' id='word_1_37' title='bbox 342 1275 407 1354; x_wconf 88' lang='lat' dir='ltr'><strong>quis</strong></span> <span class='ocrx_word' id='word_1_38' title='bbox 419 1275 507 1334; x_wconf 80' lang='lat' dir='ltr'><strong>Luuii</strong></span> <span class='ocrx_word' id='word_1_39' title='bbox 520 1275 650 1336; x_wconf 81' lang='lat' dir='ltr'>erederet</span> <span class='ocrx_word' id='word_1_40' title='bbox 663 1295 725 1334; x_wconf 88' lang='lat' dir='ltr'><strong>esse</strong></span> <span class='ocrx_word' id='word_1_41' title='bbox 739 1277 857 1334; x_wconf 75' lang='lat' dir='ltr'><strong>canem!</strong></span> 
     </span>
    </p>

    <p class='ocr_par' dir='ltr' id='par_1_4' title="bbox 176 1376 900 1561">
     <span class='ocr_line' id='line_1_9' title="bbox 176 1376 900 1452; baseline -0.001 -15"><span class='ocrx_word' id='word_1_42' title='bbox 176 1377 221 1437; x_wconf 89' lang='lat' dir='ltr'><strong>At</strong></span> <span class='ocrx_word' id='word_1_43' title='bbox 235 1387 322 1448; x_wconf 85' lang='lat' dir='ltr'><strong>sunt;</strong></span> <span class='ocrx_word' id='word_1_44' title='bbox 343 1378 447 1438; x_wconf 84' lang='lat' dir='ltr'><strong>rivales</strong></span> <span class='ocrx_word' id='word_1_45' title='bbox 460 1389 489 1438; x_wconf 82' lang='lat' dir='ltr'><strong>at</strong></span> <span class='ocrx_word' id='word_1_46' title='bbox 503 1389 589 1438; x_wconf 86' lang='lat' dir='ltr'><strong>sunt:</strong></span> <span class='ocrx_word' id='word_1_47' title='bbox 610 1379 775 1439; x_wconf 71' lang='lat' dir='ltr'>certaminis</span> <span class='ocrx_word' id='word_1_48' title='bbox 791 1376 855 1452; x_wconf 81' lang='lat' dir='ltr'><strong>(out</strong></span> <span class='ocrx_word' id='word_1_49' title='bbox 869 1399 900 1437; x_wconf 89' lang='lat' dir='ltr'><strong>os</strong></span> 
     </span>
     <span class='ocr_line' id='line_1_10' title="bbox 217 1480 797 1561; baseline 0 -22"><span class='ocrx_word' id='word_1_50' title='bbox 217 1480 283 1540; x_wconf 86' lang='lat' dir='ltr'><strong>Aut</strong></span> <span class='ocrx_word' id='word_1_51' title='bbox 296 1481 380 1540; x_wconf 84' lang='lat' dir='ltr'><strong>offam</strong></span> <span class='ocrx_word' id='word_1_52' title='bbox 394 1482 486 1541; x_wconf 86' lang='lat' dir='ltr'><strong>oornis</strong></span> <span class='ocrx_word' id='word_1_53' title='bbox 499 1483 619 1561; x_wconf 82' lang='lat' dir='ltr'><strong>projiee)</strong></span> <span class='ocrx_word' id='word_1_54' title='bbox 634 1483 718 1542; x_wconf 87' lang='lat' dir='ltr'><strong>testis</strong></span> <span class='ocrx_word' id='word_1_55' title='bbox 731 1482 797 1541; x_wconf 89' lang='lat' dir='ltr'><strong>eris.</strong></span> 
     </span>
    </p>

    <p class='ocr_par' dir='ltr' id='par_1_5' title="bbox 178 1583 920 1748">
     <span class='ocr_line' id='line_1_11' title="bbox 178 1583 920 1663; baseline 0 -21"><span class='ocrx_word' id='word_1_56' title='bbox 178 1583 286 1663; x_wconf 83' lang='lat' dir='ltr'><strong>Scipio,</strong></span> <span class='ocrx_word' id='word_1_57' title='bbox 300 1584 413 1644; x_wconf 84' lang='lat' dir='ltr'><strong>fulmen</strong></span> <span class='ocrx_word' id='word_1_58' title='bbox 427 1584 521 1644; x_wconf 82' lang='lat' dir='ltr'><strong>adhue</strong></span> <span class='ocrx_word' id='word_1_59' title='bbox 534 1585 613 1654; x_wconf 88' lang='lat' dir='ltr'><strong>belli,</strong></span> <span class='ocrx_word' id='word_1_60' title='bbox 627 1595 710 1644; x_wconf 81' lang='lat' dir='ltr'><strong>tauro</strong></span> <span class='ocrx_word' id='word_1_61' title='bbox 723 1583 833 1643; x_wconf 82' lang='lat' dir='ltr'><strong>involat</strong></span> <span class='ocrx_word' id='word_1_62' title='bbox 846 1604 920 1652; x_wconf 80' lang='lat' dir='ltr'><strong>scer,</strong></span> 
     </span>
     <span class='ocr_line' id='line_1_12' title="bbox 219 1687 819 1748; baseline -0.002 -2"><span class='ocrx_word' id='word_1_63' title='bbox 219 1688 261 1747; x_wconf 87' lang='lat' dir='ltr'><strong>Et</strong></span> <span class='ocrx_word' id='word_1_64' title='bbox 275 1687 384 1747; x_wconf 75' lang='lat' dir='ltr'><strong>validos</strong></span> <span class='ocrx_word' id='word_1_65' title='bbox 397 1688 504 1748; x_wconf 77' lang='lat' dir='ltr'>lacerat</span> <span class='ocrx_word' id='word_1_66' title='bbox 518 1687 605 1747; x_wconf 84' lang='lat' dir='ltr'><strong>deute</strong></span> <span class='ocrx_word' id='word_1_67' title='bbox 619 1698 721 1748; x_wconf 79' lang='lat' dir='ltr'><strong>tenues</strong></span> <span class='ocrx_word' id='word_1_68' title='bbox 733 1698 819 1748; x_wconf 82' lang='lat' dir='ltr'><strong>toros.</strong></span> 
     </span>
    </p>

    <p class='ocr_par' dir='ltr' id='par_1_6' title="bbox 179 1790 960 1974">
     <span class='ocr_line' id='line_1_13' title="bbox 179 1790 960 1871; baseline 0.001 -22"><span class='ocrx_word' id='word_1_69' title='bbox 179 1790 267 1863; x_wconf 88' lang='lat' dir='ltr'><strong>Quod</strong></span> <span class='ocrx_word' id='word_1_70' title='bbox 280 1790 413 1850; x_wconf 84' lang='lat' dir='ltr'><strong>defensor</strong></span> <span class='ocrx_word' id='word_1_71' title='bbox 426 1802 487 1851; x_wconf 84' lang='lat' dir='ltr'><strong>erat</strong></span> <span class='ocrx_word' id='word_1_72' title='bbox 501 1791 605 1871; x_wconf 84' lang='lat' dir='ltr'><strong>Trojoe,</strong></span> <span class='ocrx_word' id='word_1_73' title='bbox 620 1790 751 1852; x_wconf 87' lang='lat' dir='ltr'><strong>defensor</strong></span> <span class='ocrx_word' id='word_1_74' title='bbox 764 1802 794 1851; x_wconf 82' lang='lat' dir='ltr'><strong>et</strong></span> <span class='ocrx_word' id='word_1_75' title='bbox 807 1792 883 1850; x_wconf 82' lang='lat' dir='ltr'><strong>horti</strong></span> <span class='ocrx_word' id='word_1_76' title='bbox 896 1800 960 1859; x_wconf 62' lang='grc' dir='ltr'><strong>θεῖς</strong></span> 
     </span>
     <span class='ocr_line' id='line_1_14' title="bbox 219 1895 941 1974; baseline -0.004 -21"><span class='ocrx_word' id='word_1_77' title='bbox 219 1895 261 1953; x_wconf 86' lang='lat' dir='ltr'><strong>Et</strong></span> <span class='ocrx_word' id='word_1_78' title='bbox 276 1895 354 1954; x_wconf 86' lang='lat' dir='ltr'><strong>conis</strong></span> <span class='ocrx_word' id='word_1_79' title='bbox 367 1905 411 1954; x_wconf 83' lang='lat' dir='ltr'><strong>est</strong></span> <span class='ocrx_word' id='word_1_80' title='bbox 426 1895 547 1964; x_wconf 82' lang='lat' dir='ltr'><strong>Hector,</strong></span> <span class='ocrx_word' id='word_1_81' title='bbox 561 1895 638 1974; x_wconf 90' lang='lat' dir='ltr'><strong>quod</strong></span> <span class='ocrx_word' id='word_1_82' title='bbox 651 1895 709 1954; x_wconf 85' lang='lat' dir='ltr'><strong>fuit</strong></span> <span class='ocrx_word' id='word_1_83' title='bbox 724 1895 835 1955; x_wconf 74' lang='lat' dir='ltr'><strong>Hector</strong></span> <span class='ocrx_word' id='word_1_84' title='bbox 848 1895 941 1954; x_wconf 88' lang='lat' dir='ltr'><strong>homo.</strong></span> 
     </span>
    </p>

    <p class='ocr_par' dir='ltr' id='par_1_7' title="bbox 179 1998 904 2171">
     <span class='ocr_line' id='line_1_15' title="bbox 179 1998 904 2077; baseline -0.001 -19"><span class='ocrx_word' id='word_1_85' title='bbox 179 1998 241 2070; x_wconf 89' lang='lat' dir='ltr'><strong>Qui</strong></span> <span class='ocrx_word' id='word_1_86' title='bbox 255 2008 359 2077; x_wconf 81' lang='lat' dir='ltr'>praeter</span> <span class='ocrx_word' id='word_1_87' title='bbox 372 1998 497 2076; x_wconf 88' lang='lat' dir='ltr'><strong>reliquos</strong></span> <span class='ocrx_word' id='word_1_88' title='bbox 510 2019 603 2059; x_wconf 80' lang='lat' dir='ltr'><strong>saevus</strong></span> <span class='ocrx_word' id='word_1_89' title='bbox 616 1999 774 2077; x_wconf 78' lang='lat' dir='ltr'><strong>sitiensque</strong></span> <span class='ocrx_word' id='word_1_90' title='bbox 787 1998 904 2067; x_wconf 85' lang='lat' dir='ltr'><strong>cruoris,</strong></span> 
     </span>
     <span class='ocr_line' id='line_1_16' title="bbox 220 2102 808 2171; baseline 0 -11"><span class='ocrx_word' id='word_1_91' title='bbox 220 2102 284 2171; x_wconf 90' lang='lat' dir='ltr'><strong>Ille,</strong></span> <span class='ocrx_word' id='word_1_92' title='bbox 299 2102 519 2171; x_wconf 82' lang='lat' dir='ltr'><strong>necimmerito,</strong></span> <span class='ocrx_word' id='word_1_93' title='bbox 535 2103 641 2161; x_wconf 84' lang='lat' dir='ltr'><strong>dicitur</strong></span> <span class='ocrx_word' id='word_1_94' title='bbox 654 2102 704 2160; x_wconf 85' lang='lat' dir='ltr'><strong>ille</strong></span> <span class='ocrx_word' id='word_1_95' title='bbox 718 2102 808 2162; x_wconf 88' lang='lat' dir='ltr'><strong>Nero.</strong></span> 
     </span>
    </p>

    <p class='ocr_par' dir='ltr' id='par_1_8' title="bbox 181 2205 772 2386">
     <span class='ocr_line' id='line_1_17' title="bbox 181 2205 770 2271; baseline 0.003 -8"><span class='ocrx_word' id='word_1_96' title='bbox 181 2206 223 2264; x_wconf 82' lang='lat' dir='ltr'><strong>Ut</strong></span> <span class='ocrx_word' id='word_1_97' title='bbox 237 2206 320 2265; x_wconf 83' lang='lat' dir='ltr'><strong>soriis</strong></span> <span class='ocrx_word' id='word_1_98' title='bbox 333 2207 413 2264; x_wconf 85' lang='lat' dir='ltr'><strong>fures</strong></span> <span class='ocrx_word' id='word_1_99' title='bbox 426 2206 522 2264; x_wconf 84' lang='lat' dir='ltr'><strong>unctis</strong></span> <span class='ocrx_word' id='word_1_100' title='bbox 537 2207 706 2271; x_wconf 80' lang='lat' dir='ltr'><strong>absterreat,</strong></span> <span class='ocrx_word' id='word_1_101' title='bbox 720 2205 770 2265; x_wconf 83' lang='lat' dir='ltr'><strong>ills</strong></span> 
     </span>
     <span class='ocr_line' id='line_1_18' title="bbox 218 2307 772 2386; baseline 0.002 -22"><span class='ocrx_word' id='word_1_102' title='bbox 218 2307 342 2367; x_wconf 80' lang='lat' dir='ltr'><strong>Latratu</strong></span> <span class='ocrx_word' id='word_1_103' title='bbox 356 2307 448 2366; x_wconf 88' lang='lat' dir='ltr'><strong>multo</strong></span> <span class='ocrx_word' id='word_1_104' title='bbox 461 2318 581 2386; x_wconf 83' lang='lat' dir='ltr'>perpete</span> <span class='ocrx_word' id='word_1_105' title='bbox 595 2319 678 2367; x_wconf 84' lang='lat' dir='ltr'><strong>nocte</strong></span> <span class='ocrx_word' id='word_1_106' title='bbox 691 2309 772 2367; x_wconf 83' lang='lat' dir='ltr'><strong>furit.</strong></span> 
     </span>
    </p>

    <p class='ocr_par' dir='ltr' id='par_1_9' title="bbox 181 2411 887 2592">
     <span class='ocr_line' id='line_1_19' title="bbox 181 2411 887 2490; baseline 0.003 -22"><span class='ocrx_word' id='word_1_107' title='bbox 181 2411 230 2468; x_wconf 86' lang='lat' dir='ltr'><strong>En</strong></span> <span class='ocrx_word' id='word_1_108' title='bbox 244 2431 301 2489; x_wconf 94' lang='lat' dir='ltr'><strong>quo</strong></span> <span class='ocrx_word' id='word_1_109' title='bbox 313 2412 450 2490; x_wconf 84' lang='lat' dir='ltr'><strong>prooessit</strong></span> <span class='ocrx_word' id='word_1_110' title='bbox 464 2412 615 2470; x_wconf 81' lang='lat' dir='ltr'><strong>verborum</strong></span> <span class='ocrx_word' id='word_1_111' title='bbox 629 2411 753 2488; x_wconf 83' lang='lat' dir='ltr'><strong>injuria!</strong></span> <span class='ocrx_word' id='word_1_112' title='bbox 776 2411 887 2470; x_wconf 87' lang='lat' dir='ltr'><strong>Brutus</strong></span> 
     </span>
     <span class='ocr_line' id='line_1_20' title="bbox 220 2512 804 2592; baseline 0.002 -23"><span class='ocrx_word' id='word_1_113' title='bbox 220 2512 353 2591; x_wconf 85' lang='lat' dir='ltr'><strong>Expellit</strong></span> <span class='ocrx_word' id='word_1_114' title='bbox 367 2533 475 2592; x_wconf 90' lang='lat' dir='ltr'><strong>poroos,</strong></span> <span class='ocrx_word' id='word_1_115' title='bbox 490 2523 520 2572; x_wconf 89' lang='lat' dir='ltr'><strong>et</strong></span> <span class='ocrx_word' id='word_1_116' title='bbox 534 2513 607 2573; x_wconf 82' lang='lat' dir='ltr'><strong>Cato</strong></span> <span class='ocrx_word' id='word_1_117' title='bbox 620 2524 715 2572; x_wconf 84' lang='lat' dir='ltr'><strong>servat</strong></span> <span class='ocrx_word' id='word_1_118' title='bbox 728 2534 804 2573; x_wconf 84' lang='lat' dir='ltr'><strong>oves.</strong></span> 
     </span>
    </p>

    <p class='ocr_par' dir='ltr' id='par_1_10' title="bbox 179 2614 902 2800">
     <span class='ocr_line' id='line_1_21' title="bbox 179 2614 851 2694; baseline 0.006 -21"><span class='ocrx_word' id='word_1_119' title='bbox 179 2614 223 2674; x_wconf 83' lang='lat' dir='ltr'><strong>At</strong></span> <span class='ocrx_word' id='word_1_120' title='bbox 236 2635 331 2694; x_wconf 82' lang='lat' dir='ltr'><strong>neque</strong></span> <span class='ocrx_word' id='word_1_121' title='bbox 345 2627 477 2675; x_wconf 83' lang='lat' dir='ltr'><strong>servatur</strong></span> <span class='ocrx_word' id='word_1_122' title='bbox 489 2617 578 2694; x_wconf 77' lang='lat' dir='ltr'><strong>major</strong></span> <span class='ocrx_word' id='word_1_123' title='bbox 591 2617 754 2676; x_wconf 81' lang='lat' dir='ltr'><strong>reverentia</strong></span> <span class='ocrx_word' id='word_1_124' title='bbox 767 2617 851 2687; x_wconf 82' lang='lat' dir='ltr'><strong>divis,</strong></span> 
     </span>
     <span class='ocr_line' id='line_1_22' title="bbox 219 2718 902 2800; baseline 0.004 -23"><span class='ocrx_word' id='word_1_125' title='bbox 219 2718 263 2778; x_wconf 85' lang='lat' dir='ltr'><strong>At</strong></span> <span class='ocrx_word' id='word_1_126' title='bbox 277 2739 371 2798; x_wconf 83' lang='lat' dir='ltr'><strong>neque</strong></span> <span class='ocrx_word' id='word_1_127' title='bbox 385 2719 539 2780; x_wconf 84' lang='lat' dir='ltr'><strong>Coelitibus</strong></span> <span class='ocrx_word' id='word_1_128' title='bbox 552 2721 669 2780; x_wconf 82' lang='lat' dir='ltr'><strong>nomino</strong></span> <span class='ocrx_word' id='word_1_129' title='bbox 682 2732 781 2781; x_wconf 80' lang='lat' dir='ltr'><strong>sancta</strong></span> <span class='ocrx_word' id='word_1_130' title='bbox 794 2723 902 2800; x_wconf 78' lang='lat' dir='ltr'><strong>magis:</strong></span> 
     </span>
    </p>

    <p class='ocr_par' dir='ltr' id='par_1_11' title="bbox 179 2822 941 3004">
     <span class='ocr_line' id='line_1_23' title="bbox 179 2822 941 2904; baseline 0.005 -23"><span class='ocrx_word' id='word_1_131' title='bbox 179 2823 268 2891; x_wconf 89' lang='lat' dir='ltr'><strong>Juno,</strong></span> <span class='ocrx_word' id='word_1_132' title='bbox 284 2822 388 2892; x_wconf 81' lang='lat' dir='ltr'><strong>Diana,</strong></span> <span class='ocrx_word' id='word_1_133' title='bbox 405 2822 519 2893; x_wconf 75' lang='lat' dir='ltr'><strong>VenuS,</strong></span> <span class='ocrx_word' id='word_1_134' title='bbox 533 2823 678 2902; x_wconf 81' lang='lat' dir='ltr'><strong>quondam</strong></span> <span class='ocrx_word' id='word_1_135' title='bbox 692 2824 835 2885; x_wconf 78' lang='lat' dir='ltr'>celebrata</span> <span class='ocrx_word' id='word_1_136' title='bbox 847 2827 941 2904; x_wconf 61' lang='lat' dir='ltr'><strong>positis</strong></span> 
     </span>
     <span class='ocr_line' id='line_1_24' title="bbox 220 2925 930 3004; baseline 0.006 -22"><span class='ocrx_word' id='word_1_137' title='bbox 220 2925 360 2993; x_wconf 80' lang='lat' dir='ltr'><strong>Numina,</strong></span> <span class='ocrx_word' id='word_1_138' title='bbox 373 2925 433 3002; x_wconf 84' lang='lat' dir='ltr'><strong>jom</strong></span> <span class='ocrx_word' id='word_1_139' title='bbox 447 2927 568 2986; x_wconf 87' lang='lat' dir='ltr'><strong>nuribus</strong></span> <span class='ocrx_word' id='word_1_140' title='bbox 581 2940 650 2985; x_wconf 86' lang='lat' dir='ltr'><strong>sunt</strong></span> <span class='ocrx_word' id='word_1_141' title='bbox 663 2927 809 3004; x_wconf 82' lang='lat' dir='ltr'><strong>gremialis</strong></span> <span class='ocrx_word' id='word_1_142' title='bbox 822 2928 930 2988; x_wconf 85' lang='lat' dir='ltr'><strong>Amor:</strong></span> 
     </span>
    </p>

    <p class='ocr_par' dir='ltr' id='par_1_12' title="bbox 181 3026 914 3212">
     <span class='ocr_line' id='line_1_25' title="bbox 181 3026 910 3102; baseline 0.011 -19"><span class='ocrx_word' id='word_1_143' title='bbox 181 3026 322 3087; x_wconf 88' lang='lat' dir='ltr'><strong>Curribus</strong></span> <span class='ocrx_word' id='word_1_144' title='bbox 334 3027 371 3086; x_wconf 82' lang='lat' dir='ltr'><strong>ad</strong></span> <span class='ocrx_word' id='word_1_145' title='bbox 384 3028 475 3087; x_wconf 82' lang='lat' dir='ltr'><strong>varios</strong></span> <span class='ocrx_word' id='word_1_146' title='bbox 489 3038 580 3087; x_wconf 87' lang='lat' dir='ltr'><strong>ooetus</strong></span> <span class='ocrx_word' id='word_1_147' title='bbox 594 3029 744 3090; x_wconf 85' lang='lat' dir='ltr'><strong>hincinde</strong></span> <span class='ocrx_word' id='word_1_148' title='bbox 758 3030 910 3102; x_wconf 79' lang='lat' dir='ltr'><strong>feruutur3</strong></span> 
     </span>
     <span class='ocr_line' id='line_1_26' title="bbox 221 3129 914 3212; baseline 0.004 -24"><span class='ocrx_word' id='word_1_149' title='bbox 221 3129 281 3189; x_wconf 88' lang='lat' dir='ltr'><strong>Seu</strong></span> <span class='ocrx_word' id='word_1_150' title='bbox 294 3131 352 3189; x_wconf 84' lang='lat' dir='ltr'><strong>fors</strong></span> <span class='ocrx_word' id='word_1_151' title='bbox 365 3131 474 3210; x_wconf 85' lang='lat' dir='ltr'><strong>templo</strong></span> <span class='ocrx_word' id='word_1_152' title='bbox 486 3132 588 3209; x_wconf 80' lang='lat' dir='ltr'><strong>magis,</strong></span> <span class='ocrx_word' id='word_1_153' title='bbox 602 3132 663 3190; x_wconf 83' lang='lat' dir='ltr'><strong>sive</strong></span> <span class='ocrx_word' id='word_1_154' title='bbox 675 3133 789 3193; x_wconf 80' lang='lat' dir='ltr'><strong>theatro</strong></span> <span class='ocrx_word' id='word_1_155' title='bbox 798 3134 914 3212; x_wconf 83' lang='lat' dir='ltr'><strong>juvent.</strong></span> 
     </span>
    </p>

    <p class='ocr_par' dir='ltr' id='par_1_13' title="bbox 181 3232 988 3399">
     <span class='ocr_line' id='line_1_27' title="bbox 181 3232 988 3316; baseline 0.012 -27"><span class='ocrx_word' id='word_1_156' title='bbox 181 3232 216 3290; x_wconf 90' lang='lat' dir='ltr'><strong>Si</strong></span> <span class='ocrx_word' id='word_1_157' title='bbox 228 3234 302 3292; x_wconf 84' lang='lat' dir='ltr'><strong>foret</strong></span> <span class='ocrx_word' id='word_1_158' title='bbox 316 3234 445 3293; x_wconf 84' lang='lat' dir='ltr'><strong>interris</strong></span> <span class='ocrx_word' id='word_1_159' title='bbox 459 3233 653 3303; x_wconf 75' lang='lat' dir='ltr'><strong>Democritus,</strong></span> <span class='ocrx_word' id='word_1_160' title='bbox 668 3236 868 3316; x_wconf 79' lang='lat' dir='ltr'><strong>huncquoque</strong></span> <span class='ocrx_word' id='word_1_161' title='bbox 877 3238 988 3316; x_wconf 80' lang='lat' dir='ltr'><strong>justam</strong></span> 
     </span>
     <span class='ocr_line' id='line_1_28' title="bbox 222 3337 730 3399; baseline 0.004 -5"><span class='ocrx_word' id='word_1_162' title='bbox 222 3337 378 3397; x_wconf 83' lang='lat' dir='ltr'><strong>Materiem</strong></span> <span class='ocrx_word' id='word_1_163' title='bbox 391 3339 466 3397; x_wconf 87' lang='lat' dir='ltr'><strong>risus</strong></span> <span class='ocrx_word' id='word_1_164' title='bbox 478 3337 585 3398; x_wconf 85' lang='lat' dir='ltr'><strong>dixerit</strong></span> <span class='ocrx_word' id='word_1_165' title='bbox 599 3358 661 3398; x_wconf 83' lang='lat' dir='ltr'><strong>esse</strong></span> <span class='ocrx_word' id='word_1_166' title='bbox 675 3340 730 3399; x_wconf 90' lang='lat' dir='ltr'><strong>sui.</strong></span> 
     </span>
    </p>
   </div>
   <div class='ocr_carea' id='block_1_4' title="bbox 0 0 1218 4252">
    <p class='ocr_par' dir='ltr' id='par_1_14' title="bbox 0 0 1218 4252">
     <span class='ocr_line' id='line_1_29' title="bbox 0 0 1218 4252; baseline 0 0"><span class='ocrx_word' id='word_1_167' title='bbox 0 0 1218 4252; x_wconf 95' lang='lat' dir='ltr'><strong> </strong></span> 
     </span>
    </p>
   </div>
  </div>
 </body>
</html>
