<?xml version="1.0" encoding="UTF-8"?>
<!DOCTYPE html PUBLIC "-//W3C//DTD XHTML 1.0 Transitional//EN"
    "http://www.w3.org/TR/xhtml1/DTD/xhtml1-transitional.dtd">
<html xmlns="http://www.w3.org/1999/xhtml" xml:lang="en" lang="en">
 <head>
  <title>
</title>
<meta http-equiv="Content-Type" content="text/html;charset=utf-8" />
  <meta name='ocr-system' content='tesseract 3.04.00' />
  <meta name='ocr-capabilities' content='ocr_page ocr_carea ocr_par ocr_line ocrx_word'/>
</head>
<body>
  <div class='ocr_page' id='page_1' title='image "./poematalatinepa00bourgoog_0262.png"; bbox 0 0 2408 4252; ppageno 0'>
   <div class='ocr_carea' id='block_1_1' title="bbox 270 412 774 454">
    <p class='ocr_par' dir='ltr' id='par_1_1' title="bbox 270 412 774 454">
     <span class='ocr_line' id='line_1_1' title="bbox 270 412 774 454; baseline -0.002 -1"><span class='ocrx_word' id='word_1_1' title='bbox 270 413 431 454; x_wconf 77' lang='lat' dir='ltr'>PLANE&#39;I&#39;AE</span> <span class='ocrx_word' id='word_1_2' title='bbox 446 414 530 454; x_wconf 70' lang='lat' dir='ltr'><strong>sum*</strong></span> <span class='ocrx_word' id='word_1_3' title='bbox 544 412 774 454; x_wconf 67' lang='lat' dir='ltr'><strong>autumnas.</strong></span> 
     </span>
    </p>
   </div>
   <div class='ocr_carea' id='block_1_2' title="bbox 95 551 831 734">
    <p class='ocr_par' dir='ltr' id='par_1_2' title="bbox 95 551 831 734">
     <span class='ocr_line' id='line_1_2' title="bbox 96 551 831 631; baseline 0 -21"><span class='ocrx_word' id='word_1_4' title='bbox 96 552 257 612; x_wconf 84' lang='lat' dir='ltr'><strong>Cressiaoos</strong></span> <span class='ocrx_word' id='word_1_5' title='bbox 272 553 400 611; x_wconf 88' lang='lat' dir='ltr'><strong>Edoardi</strong></span> <span class='ocrx_word' id='word_1_6' title='bbox 413 551 571 631; x_wconf 70' lang='lat' dir='ltr'><strong>implerunt</strong></span> <span class='ocrx_word' id='word_1_7' title='bbox 585 553 728 630; x_wconf 80' lang='lat' dir='ltr'><strong>stragibus</strong></span> <span class='ocrx_word' id='word_1_8' title='bbox 740 572 831 630; x_wconf 86' lang='lat' dir='ltr'><strong>agros,</strong></span> 
     </span>
     <span class='ocr_line' id='line_1_3' title="bbox 95 655 814 734; baseline 0 -21"><span class='ocrx_word' id='word_1_9' title='bbox 95 655 196 734; x_wconf 85' lang='lat' dir='ltr'>Atque</span> <span class='ocrx_word' id='word_1_10' title='bbox 209 656 287 715; x_wconf 83' lang='lat' dir='ltr'><strong>ultra</strong></span> <span class='ocrx_word' id='word_1_11' title='bbox 299 677 438 716; x_wconf 82' lang='lat' dir='ltr'><strong>oceanum</strong></span> <span class='ocrx_word' id='word_1_12' title='bbox 451 656 532 715; x_wconf 85' lang='lat' dir='ltr'><strong>laetos</strong></span> <span class='ocrx_word' id='word_1_13' title='bbox 545 676 630 733; x_wconf 84' lang='lat' dir='ltr'><strong>egere</strong></span> <span class='ocrx_word' id='word_1_14' title='bbox 642 655 814 734; x_wconf 87' lang='lat' dir='ltr'><strong>triumphos,</strong></span> 
     </span>
    </p>
   </div>
   <div class='ocr_carea' id='block_1_3' title="bbox 94 758 880 1459">
    <p class='ocr_par' dir='ltr' id='par_1_3' title="bbox 96 758 879 838">
     <span class='ocr_line' id='line_1_4' title="bbox 96 758 879 838; baseline 0 -22"><span class='ocrx_word' id='word_1_15' title='bbox 96 758 211 837; x_wconf 84' lang='lat' dir='ltr'><strong>Frange</strong></span> <span class='ocrx_word' id='word_1_16' title='bbox 225 780 313 818; x_wconf 89' lang='lat' dir='ltr'><strong>manu</strong></span> <span class='ocrx_word' id='word_1_17' title='bbox 327 759 419 819; x_wconf 89' lang='lat' dir='ltr'><strong>telum</strong></span> <span class='ocrx_word' id='word_1_18' title='bbox 435 760 561 838; x_wconf 80' lang='lat' dir='ltr'><strong>Hispani</strong></span> <span class='ocrx_word' id='word_1_19' title='bbox 575 758 726 838; x_wconf 87' lang='lat' dir='ltr'><strong>praedonis,</strong></span> <span class='ocrx_word' id='word_1_20' title='bbox 741 770 771 818; x_wconf 91' lang='lat' dir='ltr'><strong>et</strong></span> <span class='ocrx_word' id='word_1_21' title='bbox 784 760 879 837; x_wconf 88' lang='lat' dir='ltr'><strong>ipsum</strong></span> 
     </span>
    </p>

    <p class='ocr_par' dir='ltr' id='par_1_4' title="bbox 95 860 858 1044">
     <span class='ocr_line' id='line_1_5' title="bbox 95 860 833 940; baseline -0.001 -21"><span class='ocrx_word' id='word_1_22' title='bbox 95 860 224 920; x_wconf 89' lang='lat' dir='ltr'><strong>Pronum</strong></span> <span class='ocrx_word' id='word_1_23' title='bbox 237 873 335 922; x_wconf 86' lang='lat' dir='ltr'><strong>sterne</strong></span> <span class='ocrx_word' id='word_1_24' title='bbox 348 861 416 930; x_wconf 92' lang='lat' dir='ltr'><strong>solo,</strong></span> <span class='ocrx_word' id='word_1_25' title='bbox 430 872 517 940; x_wconf 87' lang='lat' dir='ltr'><strong>atque</strong></span> <span class='ocrx_word' id='word_1_26' title='bbox 530 863 604 920; x_wconf 87' lang='lat' dir='ltr'><strong>irata</strong></span> <span class='ocrx_word' id='word_1_27' title='bbox 617 861 717 939; x_wconf 87' lang='lat' dir='ltr'><strong>disjice</strong></span> <span class='ocrx_word' id='word_1_28' title='bbox 730 862 833 919; x_wconf 89' lang='lat' dir='ltr'><strong>fronte.</strong></span> 
     </span>
     <span class='ocr_line' id='line_1_6' title="bbox 134 966 858 1044; baseline 0.001 -20"><span class='ocrx_word' id='word_1_29' title='bbox 134 967 282 1025; x_wconf 82' lang='lat' dir='ltr'><strong>Mercurio</strong></span> <span class='ocrx_word' id='word_1_30' title='bbox 295 966 463 1044; x_wconf 85' lang='lat' dir='ltr'><strong>Venerique</strong></span> <span class='ocrx_word' id='word_1_31' title='bbox 477 967 523 1024; x_wconf 93' lang='lat' dir='ltr'><strong>sui</strong></span> <span class='ocrx_word' id='word_1_32' title='bbox 537 966 679 1025; x_wconf 80' lang='lat' dir='ltr'><strong>debentur</strong></span> <span class='ocrx_word' id='word_1_33' title='bbox 692 966 821 1033; x_wconf 88' lang='lat' dir='ltr'><strong>honores,</strong></span> <span class='ocrx_word' id='word_1_34' title='bbox 856 1028 858 1033; x_wconf 72' lang='grc'>,</span> 
     </span>
    </p>

    <p class='ocr_par' dir='ltr' id='par_1_5' title="bbox 95 1069 873 1138">
     <span class='ocr_line' id='line_1_7' title="bbox 95 1069 873 1138; baseline 0 -10"><span class='ocrx_word' id='word_1_35' title='bbox 95 1069 218 1129; x_wconf 81' lang='lat' dir='ltr'><strong>Artibus</strong></span> <span class='ocrx_word' id='word_1_36' title='bbox 230 1071 277 1128; x_wconf 91' lang='lat' dir='ltr'><strong>hic</strong></span> <span class='ocrx_word' id='word_1_37' title='bbox 290 1071 429 1137; x_wconf 89' lang='lat' dir='ltr'><strong>animum,</strong></span> <span class='ocrx_word' id='word_1_38' title='bbox 444 1069 523 1128; x_wconf 90' lang='lat' dir='ltr'><strong>molli</strong></span> <span class='ocrx_word' id='word_1_39' title='bbox 537 1070 642 1128; x_wconf 82' lang='lat' dir='ltr'><strong>imbuit</strong></span> <span class='ocrx_word' id='word_1_40' title='bbox 656 1069 747 1128; x_wconf 87' lang='lat' dir='ltr'><strong>altera</strong></span> <span class='ocrx_word' id='word_1_41' title='bbox 760 1090 873 1138; x_wconf 87' lang='lat' dir='ltr'><strong>amore;</strong></span> 
     </span>
    </p>

    <p class='ocr_par' dir='ltr' id='par_1_6' title="bbox 94 1172 855 1252">
     <span class='ocr_line' id='line_1_8' title="bbox 94 1172 855 1252; baseline -0.003 -20"><span class='ocrx_word' id='word_1_42' title='bbox 94 1173 170 1245; x_wconf 88' lang='lat' dir='ltr'><strong>Quis</strong></span> <span class='ocrx_word' id='word_1_43' title='bbox 184 1173 308 1243; x_wconf 88' lang='lat' dir='ltr'><strong>dubitat,</strong></span> <span class='ocrx_word' id='word_1_44' title='bbox 322 1174 393 1252; x_wconf 92' lang='lat' dir='ltr'><strong>quin</strong></span> <span class='ocrx_word' id='word_1_45' title='bbox 407 1173 487 1231; x_wconf 93' lang='lat' dir='ltr'><strong>intus</strong></span> <span class='ocrx_word' id='word_1_46' title='bbox 500 1172 559 1231; x_wconf 86' lang='lat' dir='ltr'><strong>alat</strong></span> <span class='ocrx_word' id='word_1_47' title='bbox 573 1192 621 1231; x_wconf 91' lang='lat' dir='ltr'><strong>vos</strong></span> <span class='ocrx_word' id='word_1_48' title='bbox 635 1173 754 1250; x_wconf 92' lang='lat' dir='ltr'><strong>spiritus</strong></span> <span class='ocrx_word' id='word_1_49' title='bbox 767 1172 855 1239; x_wconf 76' lang='lat' dir='ltr'><strong>idern,</strong></span> 
     </span>
    </p>

    <p class='ocr_par' dir='ltr' id='par_1_7' title="bbox 94 1277 748 1356">
     <span class='ocr_line' id='line_1_9' title="bbox 94 1277 748 1356; baseline -0.002 -21"><span class='ocrx_word' id='word_1_50' title='bbox 94 1277 156 1349; x_wconf 88' lang='lat' dir='ltr'><strong>Qui</strong></span> <span class='ocrx_word' id='word_1_51' title='bbox 170 1297 230 1346; x_wconf 91' lang='lat' dir='ltr'><strong>nos,</strong></span> <span class='ocrx_word' id='word_1_52' title='bbox 245 1288 275 1337; x_wconf 89' lang='lat' dir='ltr'><strong>et</strong></span> <span class='ocrx_word' id='word_1_53' title='bbox 287 1287 349 1336; x_wconf 87' lang='lat' dir='ltr'><strong>toto</strong></span> <span class='ocrx_word' id='word_1_54' title='bbox 362 1278 470 1356; x_wconf 86' lang='lat' dir='ltr'><strong>pariter</strong></span> <span class='ocrx_word' id='word_1_55' title='bbox 483 1298 514 1336; x_wconf 89' lang='lat' dir='ltr'><strong>se</strong></span> <span class='ocrx_word' id='word_1_56' title='bbox 528 1277 646 1335; x_wconf 88' lang='lat' dir='ltr'><strong>misceat</strong></span> <span class='ocrx_word' id='word_1_57' title='bbox 660 1277 748 1335; x_wconf 89' lang='lat' dir='ltr'><strong>orbe?</strong></span> 
     </span>
    </p>

    <p class='ocr_par' dir='ltr' id='par_1_8' title="bbox 95 1377 880 1459">
     <span class='ocr_line' id='line_1_10' title="bbox 95 1377 880 1459; baseline -0.003 -21"><span class='ocrx_word' id='word_1_58' title='bbox 95 1380 187 1439; x_wconf 85' lang='lat' dir='ltr'><strong>Haud</strong></span> <span class='ocrx_word' id='word_1_59' title='bbox 199 1381 278 1440; x_wconf 89' lang='lat' dir='ltr'><strong>vobis</strong></span> <span class='ocrx_word' id='word_1_60' title='bbox 291 1379 411 1459; x_wconf 90' lang='lat' dir='ltr'><strong>populos</strong></span> <span class='ocrx_word' id='word_1_61' title='bbox 425 1380 539 1447; x_wconf 78' lang='lat' dir='ltr'><strong>hilares,</strong></span> <span class='ocrx_word' id='word_1_62' title='bbox 555 1379 753 1457; x_wconf 78' lang='lat' dir='ltr'><strong>nymphasque</strong></span> <span class='ocrx_word' id='word_1_63' title='bbox 766 1377 880 1437; x_wconf 81' lang='lat' dir='ltr'><strong>decoras</strong></span> 
     </span>
    </p>
   </div>
   <div class='ocr_carea' id='block_1_4' title="bbox 891 394 950 453">
    <p class='ocr_par' dir='ltr' id='par_1_9' title="bbox 891 394 950 453">
     <span class='ocr_line' id='line_1_11' title="bbox 891 394 950 453; baseline 0 0"><span class='ocrx_word' id='word_1_64' title='bbox 891 394 950 453; x_wconf 76' lang='lat'><strong>229</strong></span> 
     </span>
    </p>
   </div>
   <div class='ocr_carea' id='block_1_5' title="bbox 93 1481 930 1562">
    <p class='ocr_par' dir='ltr' id='par_1_10' title="bbox 93 1481 930 1562">
     <span class='ocr_line' id='line_1_12' title="bbox 93 1481 930 1562; baseline -0.002 -22"><span class='ocrx_word' id='word_1_65' title='bbox 93 1483 204 1542; x_wconf 87' lang='lat' dir='ltr'><strong>Deesse</strong></span> <span class='ocrx_word' id='word_1_66' title='bbox 216 1495 336 1561; x_wconf 82' lang='lat' dir='ltr'><strong>putem3</strong></span> <span class='ocrx_word' id='word_1_67' title='bbox 357 1483 591 1562; x_wconf 85' lang='lat' dir='ltr'><strong>superincumbat</strong></span> <span class='ocrx_word' id='word_1_68' title='bbox 604 1481 673 1540; x_wconf 86' lang='lat' dir='ltr'><strong>licet</strong></span> <span class='ocrx_word' id='word_1_69' title='bbox 686 1482 789 1559; x_wconf 87' lang='lat' dir='ltr'><strong>igneus</strong></span> <span class='ocrx_word' id='word_1_70' title='bbox 802 1482 893 1550; x_wconf 87' lang='lat' dir='ltr'><strong>ardor,</strong></span> <span class='ocrx_word' id='word_1_71' title='bbox 928 1494 930 1499; x_wconf 81' lang='grc'>’</span> 
     </span>
    </p>
   </div>
   <div class='ocr_carea' id='block_1_6' title="bbox 92 1584 866 2592">
    <p class='ocr_par' dir='ltr' id='par_1_11' title="bbox 94 1584 716 1663">
     <span class='ocr_line' id='line_1_13' title="bbox 94 1584 716 1663; baseline -0.005 -20"><span class='ocrx_word' id='word_1_72' title='bbox 94 1584 251 1663; x_wconf 91' lang='lat' dir='ltr'><strong>Vicinique</strong></span> <span class='ocrx_word' id='word_1_73' title='bbox 264 1596 329 1644; x_wconf 86' lang='lat' dir='ltr'><strong>urat</strong></span> <span class='ocrx_word' id='word_1_74' title='bbox 343 1586 431 1644; x_wconf 88' lang='lat' dir='ltr'><strong>nimia</strong></span> <span class='ocrx_word' id='word_1_75' title='bbox 443 1585 628 1644; x_wconf 84' lang='lat' dir='ltr'><strong>inclementia</strong></span> <span class='ocrx_word' id='word_1_76' title='bbox 641 1585 716 1643; x_wconf 87' lang='lat' dir='ltr'><strong>solis.</strong></span> 
     </span>
    </p>

    <p class='ocr_par' dir='ltr' id='par_1_12' title="bbox 92 1687 866 2180">
     <span class='ocr_line' id='line_1_14' title="bbox 134 1687 852 1757; baseline 0.001 -11"><span class='ocrx_word' id='word_1_77' title='bbox 134 1687 177 1746; x_wconf 87' lang='lat' dir='ltr'><strong>Et</strong></span> <span class='ocrx_word' id='word_1_78' title='bbox 189 1698 230 1756; x_wconf 93' lang='lat' dir='ltr'><strong>te,</strong></span> <span class='ocrx_word' id='word_1_79' title='bbox 245 1687 303 1747; x_wconf 87' lang='lat' dir='ltr'><strong>fida</strong></span> <span class='ocrx_word' id='word_1_80' title='bbox 316 1709 409 1747; x_wconf 81' lang='lat' dir='ltr'><strong>eomes</strong></span> <span class='ocrx_word' id='word_1_81' title='bbox 424 1687 530 1756; x_wconf 85' lang='lat' dir='ltr'><strong>Terrae,</strong></span> <span class='ocrx_word' id='word_1_82' title='bbox 545 1699 584 1757; x_wconf 89' lang='lat' dir='ltr'><strong>te,</strong></span> <span class='ocrx_word' id='word_1_83' title='bbox 599 1689 693 1756; x_wconf 88' lang='lat' dir='ltr'><strong>Luna,</strong></span> <span class='ocrx_word' id='word_1_84' title='bbox 707 1694 852 1757; x_wconf 83' lang='lat' dir='ltr'><strong>canemus,</strong></span> 
     </span>
     <span class='ocr_line' id='line_1_15' title="bbox 92 1790 866 1870; baseline 0.001 -22"><span class='ocrx_word' id='word_1_85' title='bbox 92 1790 304 1869; x_wconf 85' lang='lat' dir='ltr'><strong>Indigenasque</strong></span> <span class='ocrx_word' id='word_1_86' title='bbox 317 1803 392 1859; x_wconf 88' lang='lat' dir='ltr'><strong>tuos,</strong></span> <span class='ocrx_word' id='word_1_87' title='bbox 406 1813 476 1870; x_wconf 91' lang='lat' dir='ltr'><strong>quos</strong></span> <span class='ocrx_word' id='word_1_88' title='bbox 490 1813 637 1870; x_wconf 88' lang='lat' dir='ltr'><strong>nunquam</strong></span> <span class='ocrx_word' id='word_1_89' title='bbox 650 1792 765 1850; x_wconf 89' lang='lat' dir='ltr'><strong>lucidus</strong></span> <span class='ocrx_word' id='word_1_90' title='bbox 777 1793 866 1851; x_wconf 71' lang='lat' dir='ltr'><strong>aether</strong></span> 
     </span>
     <span class='ocr_line' id='line_1_16' title="bbox 94 1894 793 1973; baseline 0.003 -23"><span class='ocrx_word' id='word_1_91' title='bbox 94 1894 220 1963; x_wconf 86' lang='lat' dir='ltr'><strong>Deserit,</strong></span> <span class='ocrx_word' id='word_1_92' title='bbox 234 1906 286 1954; x_wconf 89' lang='lat' dir='ltr'><strong>aut</strong></span> <span class='ocrx_word' id='word_1_93' title='bbox 299 1904 401 1954; x_wconf 90' lang='lat' dir='ltr'><strong>tenues</strong></span> <span class='ocrx_word' id='word_1_94' title='bbox 414 1897 495 1973; x_wconf 90' lang='lat' dir='ltr'><strong>puris</strong></span> <span class='ocrx_word' id='word_1_95' title='bbox 508 1917 574 1954; x_wconf 89' lang='lat' dir='ltr'><strong>cum</strong></span> <span class='ocrx_word' id='word_1_96' title='bbox 588 1895 695 1954; x_wconf 91' lang='lat' dir='ltr'><strong>solibus</strong></span> <span class='ocrx_word' id='word_1_97' title='bbox 709 1916 793 1955; x_wconf 84' lang='lat' dir='ltr'><strong>aurae.</strong></span> 
     </span>
     <span class='ocr_line' id='line_1_17' title="bbox 94 1997 814 2075; baseline 0.007 -22"><span class='ocrx_word' id='word_1_98' title='bbox 94 1997 233 2056; x_wconf 89' lang='lat' dir='ltr'><strong>Immanis</strong></span> <span class='ocrx_word' id='word_1_99' title='bbox 244 1999 304 2075; x_wconf 89' lang='lat' dir='ltr'><strong>jam</strong></span> <span class='ocrx_word' id='word_1_100' title='bbox 320 1997 415 2057; x_wconf 85' lang='lat' dir='ltr'><strong>Turca</strong></span> <span class='ocrx_word' id='word_1_101' title='bbox 428 2012 479 2057; x_wconf 90' lang='lat' dir='ltr'><strong>tuo</strong></span> <span class='ocrx_word' id='word_1_102' title='bbox 492 1999 686 2058; x_wconf 85' lang='lat' dir='ltr'><strong>inflammatus</strong></span> <span class='ocrx_word' id='word_1_103' title='bbox 698 2000 814 2069; x_wconf 87' lang='lat' dir='ltr'><strong>honore,</strong></span> 
     </span>
     <span class='ocr_line' id='line_1_18' title="bbox 94 2101 776 2180; baseline 0.003 -22"><span class='ocrx_word' id='word_1_104' title='bbox 94 2101 199 2179; x_wconf 83' lang='lat' dir='ltr'><strong>Sperat</strong></span> <span class='ocrx_word' id='word_1_105' title='bbox 212 2103 367 2159; x_wconf 86' lang='lat' dir='ltr'><strong>inaccessos</strong></span> <span class='ocrx_word' id='word_1_106' title='bbox 379 2101 499 2180; x_wconf 89' lang='lat' dir='ltr'><strong>populos</strong></span> <span class='ocrx_word' id='word_1_107' title='bbox 511 2102 636 2160; x_wconf 88' lang='lat' dir='ltr'><strong>retinere</strong></span> <span class='ocrx_word' id='word_1_108' title='bbox 649 2101 776 2170; x_wconf 85' lang='lat' dir='ltr'><strong>catenis;</strong></span> 
     </span>
    </p>

    <p class='ocr_par' dir='ltr' id='par_1_13' title="bbox 94 2203 741 2274">
     <span class='ocr_line' id='line_1_19' title="bbox 94 2203 741 2274; baseline 0.003 -13"><span class='ocrx_word' id='word_1_109' title='bbox 94 2204 146 2272; x_wconf 85' lang='lat' dir='ltr'><strong>Et,</strong></span> <span class='ocrx_word' id='word_1_110' title='bbox 160 2205 186 2262; x_wconf 89' lang='lat' dir='ltr'><strong>si</strong></span> <span class='ocrx_word' id='word_1_111' title='bbox 198 2225 256 2263; x_wconf 91' lang='lat' dir='ltr'><strong>non</strong></span> <span class='ocrx_word' id='word_1_112' title='bbox 269 2203 372 2263; x_wconf 83' lang='lat' dir='ltr'><strong>fallant</strong></span> <span class='ocrx_word' id='word_1_113' title='bbox 386 2206 520 2263; x_wconf 86' lang='lat' dir='ltr'><strong>Meooani</strong></span> <span class='ocrx_word' id='word_1_114' title='bbox 533 2205 646 2263; x_wconf 87' lang='lat' dir='ltr'><strong>oraoula</strong></span> <span class='ocrx_word' id='word_1_115' title='bbox 659 2206 741 2274; x_wconf 86' lang='lat' dir='ltr'><strong>vatis,</strong></span> 
     </span>
    </p>

    <p class='ocr_par' dir='ltr' id='par_1_14' title="bbox 93 2306 848 2592">
     <span class='ocr_line' id='line_1_20' title="bbox 94 2306 757 2385; baseline 0.005 -22"><span class='ocrx_word' id='word_1_116' title='bbox 94 2306 167 2366; x_wconf 88' lang='lat' dir='ltr'><strong>AEvo</strong></span> <span class='ocrx_word' id='word_1_117' title='bbox 180 2307 334 2366; x_wconf 86' lang='lat' dir='ltr'><strong>defunctus</strong></span> <span class='ocrx_word' id='word_1_118' title='bbox 348 2308 460 2375; x_wconf 89' lang='lat' dir='ltr'><strong>misero,</strong></span> <span class='ocrx_word' id='word_1_119' title='bbox 476 2309 639 2385; x_wconf 87' lang='lat' dir='ltr'><strong>Martisque</strong></span> <span class='ocrx_word' id='word_1_120' title='bbox 653 2307 757 2376; x_wconf 89' lang='lat' dir='ltr'><strong>labore,</strong></span> 
     </span>
     <span class='ocr_line' id='line_1_21' title="bbox 93 2410 783 2488; baseline 0 -21"><span class='ocrx_word' id='word_1_121' title='bbox 93 2410 239 2488; x_wconf 84' lang='lat' dir='ltr'><strong>Auspiciis</strong></span> <span class='ocrx_word' id='word_1_122' title='bbox 252 2430 329 2479; x_wconf 89' lang='lat' dir='ltr'><strong>mox,</strong></span> <span class='ocrx_word' id='word_1_123' title='bbox 344 2410 420 2478; x_wconf 84' lang='lat' dir='ltr'><strong>diva,</strong></span> <span class='ocrx_word' id='word_1_124' title='bbox 434 2410 493 2468; x_wconf 90' lang='lat' dir='ltr'><strong>tuis</strong></span> <span class='ocrx_word' id='word_1_125' title='bbox 506 2431 632 2478; x_wconf 89' lang='lat' dir='ltr'><strong>securus,</strong></span> <span class='ocrx_word' id='word_1_126' title='bbox 646 2411 677 2467; x_wconf 92' lang='lat' dir='ltr'><strong>in</strong></span> <span class='ocrx_word' id='word_1_127' title='bbox 691 2432 783 2470; x_wconf 85' lang='lat' dir='ltr'><strong>aevum</strong></span> 
     </span>
     <span class='ocr_line' id='line_1_22' title="bbox 93 2513 848 2592; baseline -0.001 -20"><span class='ocrx_word' id='word_1_128' title='bbox 93 2513 207 2572; x_wconf 80' lang='lat' dir='ltr'><strong>Gaudia</strong></span> <span class='ocrx_word' id='word_1_129' title='bbox 219 2513 382 2592; x_wconf 68' lang='lat' dir='ltr'><strong>multijugae</strong></span> <span class='ocrx_word' id='word_1_130' title='bbox 395 2513 520 2577; x_wconf 75' lang='lat' dir='ltr'><strong>Veneris</strong></span> <span class='ocrx_word' id='word_1_131' title='bbox 533 2534 623 2571; x_wconf 89' lang='lat' dir='ltr'><strong>novus</strong></span> <span class='ocrx_word' id='word_1_132' title='bbox 637 2513 729 2572; x_wconf 86' lang='lat' dir='ltr'><strong>incola</strong></span> <span class='ocrx_word' id='word_1_133' title='bbox 742 2526 848 2592; x_wconf 84' lang='lat' dir='ltr'><strong>carpet.</strong></span> 
     </span>
    </p>
   </div>
   <div class='ocr_carea' id='block_1_7' title="bbox 216 2715 817 2794">
    <p class='ocr_par' dir='ltr' id='par_1_15' title="bbox 216 2715 817 2794">
     <span class='ocr_line' id='line_1_23' title="bbox 216 2715 817 2794; baseline 0.002 -15"><span class='ocrx_word' id='word_1_134' title='bbox 216 2715 385 2792; x_wconf 83' lang='lat' dir='ltr'><strong>Cantabrigiae,</strong></span> <span class='ocrx_word' id='word_1_135' title='bbox 397 2727 420 2776; x_wconf 91' lang='lat' dir='ltr'><strong>in</strong></span> <span class='ocrx_word' id='word_1_136' title='bbox 433 2728 541 2777; x_wconf 85' lang='lat' dir='ltr'><strong>Comitiis</strong></span> <span class='ocrx_word' id='word_1_137' title='bbox 554 2730 726 2794; x_wconf 81' lang='lat' dir='ltr'><strong>posterioribus,</strong></span> <span class='ocrx_word' id='word_1_138' title='bbox 741 2731 817 2794; x_wconf 56' lang='lat'><strong>1745.</strong></span> 
     </span>
    </p>
   </div>
   <div class='ocr_carea' id='block_1_8' title="bbox 0 0 1208 4252">
    <p class='ocr_par' dir='ltr' id='par_1_16' title="bbox 0 0 1208 4252">
     <span class='ocr_line' id='line_1_24' title="bbox 0 0 1208 4252; baseline 0 1"><span class='ocrx_word' id='word_1_139' title='bbox 0 0 1208 4252; x_wconf 95' lang='lat' dir='ltr'><strong> </strong></span> 
     </span>
    </p>
   </div>
  </div>
 </body>
</html>
