2408 4252
183 391 245 454 246
379 412 503 453 ousuuu
518 412 720 453 worumnus
734 412 848 454 urruns.

235 644 356 717 QUOD
378 644 469 705 ΤῙΒΙ
490 645 573 716 VIS,
595 645 642 705 ID
663 644 826 735 Aurum
847 645 906 705 ΕΤ
928 644 989 704 TU

514 800 725 864 suemus:

171 959 356 1020 *Omumss
369 981 478 1031 senem,
492 961 648 1031 succincta,
662 969 692 1020 et
705 958 805 1020 sedule
820 957 921 1039 (fingit

221 1063 271 1124 Sic
283 1063 384 1125 tebulu
398 1062 590 1129 Heemskirki
601 1063 843 1143 ludium-tondet
857 1084 941 1125 uuus.
1040 1127 1042 1132 ,

182 1167 276 1247 Inque
290 1167 367 1228 vices
382 1165 475 1242 (idem
487 1168 531 1228 sie
542 1167 620 1228 ludit
632 1167 756 1228 amabile
768 1167 875 1247 pictur)

219 1271 314 1350 AEqua
326 1271 428 1332 tondet
442 1293 531 1332 anum
544 1271 708 1331 uenditioue
720 1290 818 1332 senex.

182 1371 258 1432 Cum
272 1373 388 1434 vetulus
401 1374 439 1434 sit
452 1385 585 1454 uterque,
600 1383 630 1434 et
643 1374 683 1434 sit
694 1375 832 1435 herbetus
844 1381 980 1452 uterque,

221 1475 280 1537 Fus
291 1487 346 1546 est,
361 1477 481 1538 ulterius
493 1489 592 1558 poscat
604 1487 640 1539 ut
652 1477 728 1538 ulter
740 1474 833 1556 opeui.

547 1632 667 1650 m

217 1739 428 1810 cousuuu,
450 1711 559 1813 Quin
579 1737 793 1801 VALEANT
813 1738 1005 1800 fluuium.
1033 1747 1036 1750 ·
1070 1789 1073 1797 .

181 1895 344 1966 Bonusris
357 1897 415 1957 fert
428 1897 572 1958 mundum
584 1899 722 1968 humeris,
736 1908 768 1958 et
780 1896 907 1978 pondere
920 1898 1024 1957 curvus

221 1998 325 2070 Sudat,
340 2011 371 2061 et
384 2001 498 2081 ingenti
510 2001 587 2062 mule
597 2001 709 2062 laboret
721 2001 817 2063 Atlas.

180 2102 261 2175 Quos
275 2124 386 2174 nervos,
400 2126 487 2184 quum
501 2105 652 2175 cervicem,
666 2127 730 2184 quae
742 2106 868 2176 brachiu,
882 2127 1000 2166 crurum

219 2206 316 2279 Quum
329 2207 437 2268 validos
451 2229 544 2268 nexus
556 2219 618 2269 tem
631 2229 718 2287 grave
731 2211 822 2288 poscit
836 2212 928 2270 onus!
960 2240 963 2246 ·

178 2310 207 2369 0
221 2321 306 2370 caute
320 2310 436 2371 incedas
444 2334 454 2382 ;
474 2312 613 2372 minimus
626 2332 694 2370 nam
707 2312 732 2371 si
745 2312 799 2371 tibi
813 2312 912 2392 lapsus

219 2400 358 2473 Offendat
371 2435 495 2492 gressus,
509 2415 605 2475 omniu
618 2415 786 2490 corruimus,

284 2667 459 2728 OBSUNT
479 2667 757 2731 AUCTORIBUS
779 2668 932 2731 ARTES.

178 2826 421 2885 Iusruurrursus
430 2827 518 2896 neeis,
528 2848 593 2906 quoe
606 2828 716 2887 nitrum
729 2838 760 2887 et
770 2827 914 2908 sulphura
923 2828 1033 2897 misser,

218 2928 255 2988 Iu
268 2929 413 2990 flammam
427 2930 557 3010 ignescit,
571 2931 779 3010 subruiturque
792 2930 878 2991 muln.

178 3032 292 3092 Cuncta
304 3032 414 3103 volant,
427 3033 570 3114 lueerique
584 3044 664 3094 ursus
678 3043 708 3096 et
722 3054 791 3094 saxu
804 3034 969 3113 trabesque,
1024 3040 1030 3063 ¹

217 3136 259 3196 Et
273 3136 384 3196 distans
397 3137 493 3198 subito
506 3136 630 3199 fulmine
644 3138 862 3198 terratremitc
991 3166 993 3171 >
1081 3167 1083 3172 ¹

178 3238 275 3300 Triste
289 3261 381 3319 genus
394 3239 485 3300 lethi!
506 3241 558 3301 sed
571 3263 638 3322 quo,
653 3242 678 3302 si
691 3242 794 3309 funere
807 3240 860 3300 tuli

216 3343 332 3423 Dignus
346 3356 407 3404 erut
423 3345 586 3424 quisquam,
601 3345 706 3425 difflue
719 3356 749 3405 et
763 3355 864 3404 auctor
877 3356 949 3406 erat.
