2408 4252
380 445 416 483 ru
431 441 562 483 unsrun
577 426 814 482 rennncosnns.

301 830 351 898 uu
373 830 549 900 unsrun
572 822 891 898 Puuunoos'uus.

176 997 370 1056 Drscn’unos
384 998 467 1058 Deus
480 997 614 1077 implerat
628 1019 693 1056 curn
708 997 827 1056 numine
840 1008 922 1055 vo'ces

213 1101 374 1179 Coeperunt
386 1103 479 1161 varias
493 1108 523 1161 'e‘t
537 1120 610 1160 nova
623 1103 710 1161 rerba
723 1101 809 1179 lo'qui.

176 1201 297 1263 Aduena
311 1205 347 1264 de
360 1205 477 1284 Libyeis
492 1205 590 1264 aderat
606 1206 687 1282 niger
700 1203 775 1263 Afer
788 1202 891 1271 arenis,

213 1307 256 1366 Et
270 1319 362 1367 cauta
375 1308 466 1369 fidens
480 1309 616 1369 Parthica
628 1310 713 1368 turba
726 1309 818 1386 fuga:

179 1410 323 1470 Armeniae
336 1413 501 1491 populique,
516 1423 545 1471 et
560 1412 659 1472 divitis
672 1411 766 1471 accola
781 1410 855 1481 Nili,

214 1512 380 1573 Audierant
393 1535 475 1575 voces
489 1515 727 1595 Cappadocesque
737 1521 812 1574 suas.

178 1615 241 1675 Vox
256 1617 368 1677 diversa
380 1619 497 1696 quidem
511 1629 612 1690 sonat3
635 1613 665 1679 ai
679 1638 744 1678 cum
758 1618 853 1683 dicere
866 1617 966 1676 laudes

214 1720 354 1779 Numinis
367 1721 519 1800 incipiunt,
534 1723 665 1782 omnibus
679 1743 736 1781 una
749 1730 840 1781 sonat.

504 2293 553 2349 IN
575 2294 699 2351 IDEM.

181 2448 228 2506 Ur
242 2449 326 2508 Deus
339 2448 445 2508 afflavit
460 2450 562 2508 dexter
574 2449 640 2508 loeto
653 2451 758 2518 omine,
772 2450 878 2508 sensim

216 2552 375 2631 Discipulis
389 2532 503 2612 feivent
517 2565 632 2632 pectora
645 2552 731 2631 plena
745 2553 817 2611 Deo.

180 2657 319 2715 Numinis
332 2657 459 2734 auspicio
473 2657 586 2716 subitus
600 2656 633 2715 fit
648 2658 794 2716 mentibus
808 2656 900 2725 ardor,

216 2759 260 2819 Et
273 2781 365 2819 novus
378 2760 510 2820 accendit
524 2760 635 2819 fervida
649 2744 733 2819 eorda
746 2759 830 2819 calor.

179 2862 312 2923 Solicitas
324 2869 437 2924 mentes
448 2882 506 2923 non
516 2863 577 2922 uila
590 2864 717 2943 pericula
730 2873 851 2932 terrent,

216 2968 248 3026 N
249 2989 286 3026 on
300 2973 406 3046 urgent
419 2968 473 3026 ulli
486 2972 601 3047 pectora
613 2971 717 3026 iiioes'to
729 2971 837 3029 metus.

180 3071 228 3129 Ad
240 3073 372 3150 quamvis
385 3073 530 3150 regionem
544 3072 651 3131 alacres
664 3079 733 3130 sunt
746 3071 788 3130 ire
801 3072 905 3149 parati,

218 3174 336 3246 Quosve
349 3176 436 3234 habet
450 3175 562 3253 ignotos
575 3176 693 3236 barbara
706 3179 783 3234 terra
796 3173 880 3233 leoos.

184 3276 309 3356 Pergite,
323 3284 456 3349 successu
470 3298 541 3357 gens
556 3301 572 3338 o
585 3279 721 3347 animosa,
737 3278 887 3355 Demque,

220 3381 308 3453 Quod
321 3384 395 3441 bene
409 3383 555 3461 suscipitis
568 3398 627 3452 vos,
640 3384 714 3440 bene
728 3389 823 3440 vertat
837 3396 918 3459 opus.

774 3504 794 3541 o

982 416 1022 477 33
