2408 4252
304 421 495 463 uuuiuunus
509 421 661 463 susanna
676 422 892 464 vnuumonus.
984 404 1021 473 75

471 979 726 1040 GULIELMUS

336 1134 548 1194 SUSANNAE
569 1137 860 1197 VALEDICENS.

175 1289 212 1348 In
225 1291 349 1350 statione
362 1293 421 1352 fuit
434 1293 540 1362 classis,
554 1295 684 1373 fusisque
696 1315 748 1373 per
761 1317 844 1355 auras

211 1393 327 1455 Ludere
340 1396 455 1456 vexillis
469 1409 498 1456 et
512 1397 627 1458 fluitare
641 1398 741 1469 dedit;
786 1411 789 1416 ’

127 1550 130 1557 .
175 1495 246 1554 Cum
261 1517 363 1556 navem
377 1500 506 1559 ascendit
521 1500 653 1560 Susanna
661 1523 670 1571 ;
693 1507 713 1534 “
721 1502 749 1560 Ο
764 1502 860 1572 dicite,
875 1515 980 1574 nautas,

211 1599 243 1656 N
243 1609 327 1659 ostra
340 1602 390 1659 ubi
404 1601 512 1661 deliciae
524 1607 614 1661 sunt?
636 1587 687 1663 ubi
701 1615 799 1665 noster
812 1610 909 1665 amor?

176 1702 270 1762 Dicite
283 1725 343 1773 vos,
358 1705 446 1764 animi
460 1706 557 1776 fortes,
571 1707 624 1766 sed
638 1707 725 1767 dicite
739 1728 849 1778 verum,

211 1807 386 1885 Agminibus
399 1809 502 1868 vestris
514 1830 585 1868 num
599 1810 765 1870 Gulielmus
778 1813 857 1871 inest
866 1815 897 1870 ?'’

118 2018 120 2025 '
176 2015 322 2076 Pendulus
336 2017 367 2074 in
381 2017 486 2075 summi
500 2017 664 2076 Gulielmus
678 2019 785 2077 vertice
798 2019 867 2078 mali

212 2121 293 2179 Hine
305 2121 468 2198 agitabann
482 2120 626 2189 fluetibus,
641 2120 719 2191 inde,
734 2123 820 2181 maris
828 2144 838 2193 3

175 2223 319 2290 Protinus,
333 2235 368 2282 ut
382 2243 478 2282 vaeem
492 2225 677 2282 benenatum
691 2223 813 2292 audivit,
828 2223 865 2282 ad
880 2225 955 2283 infra

211 2327 357 2387 Praemisit
370 2328 520 2405 gemitum,
534 2347 588 2386 nec
600 2327 682 2405 piger
695 2328 756 2405 ipse
770 2329 868 2406 sequi:

174 2430 291 2510 Vixque
304 2451 393 2490 manu
406 2441 529 2509 tangens
542 2431 636 2499 funes,
651 2439 681 2488 et
694 2439 821 2508 proepete
835 2430 935 2490 labens

210 2535 370 2604 Descensu,
384 2534 454 2592 alati
467 2533 590 2611 fulguris
602 2535 702 2600 instar,
716 2532 806 2591 adest.

174 2743 221 2802 Sic
233 2742 293 2801 alto
306 2743 337 2800 in
351 2741 423 2801 eoelo
435 2739 568 2799 tremulis
582 2759 613 2798 se
626 2738 712 2797 librat
726 2749 760 2797 ut
773 2737 836 2806 alis,

210 2846 244 2904 si
258 2847 339 2904 socioe
353 2844 474 2923 accipiat
488 2844 584 2902 forsan
597 2841 700 2901 alauda
713 2863 804 2911 sonos,

174 2947 296 3007 Devolat
310 2945 473 3025 extemp103
495 2945 655 3023 clausisque
669 2943 706 3003 ad
718 2955 834 3023 pectora
847 2947 959 3025 pennis,
1035 3009 1042 3020 ἡ

120 3076 122 3084 ·
210 3049 248 3108 In
262 3070 333 3109 caroe
347 3048 448 3107 nidum
461 3048 658 3127 praecipitatur
672 3048 740 3107 avis.

175 3151 267 3222 Basia,
282 3173 346 3231 quae
360 3152 494 3212 Susanna
507 3172 559 3211 suo
571 3151 703 3230 permisit
716 3152 834 3220 amanti,

210 3255 365 3316 Navareha
377 3255 484 3335 optarit
497 3256 640 3314 maximus
653 3275 715 3315 esse
729 3276 788 3314 sua.
