2408 4252
318 422 359 461 AD
374 423 577 463 Runucuunm
591 423 771 480 mumulo.
934 405 973 465 95

120 559 209 618 Unde
223 571 303 619 tuam
316 561 441 619 esuriem
454 561 572 628 releves,
587 562 724 620 alimenta
737 562 871 620 fenestrae

159 662 324 742 Apponam,
339 666 451 742 quoties
464 642 546 742 itqule
559 664 692 743 reditque
706 665 785 735 dies;

120 766 185 825 Usu
199 766 307 825 etenim
322 766 436 837 edidici,
450 768 526 846 quod
539 779 620 846 grato
633 768 771 828 alimento
783 769 923 848 rependes
936 792 941 807 “

159 872 267 940 Contu,
282 891 346 949 quoe
359 870 471 930 dederit
484 892 598 950 cunque
611 872 736 949 benigna
749 892 860 931 manus.

119 1077 200 1136 Vere
213 1098 296 1146 novo,
311 1077 415 1156 tepidoe
429 1078 539 1155 spirant
552 1099 619 1138 cum
632 1078 856 1149 molliter-curre,

159 1182 202 1240 Et
216 1202 285 1241 suus
298 1183 330 1239 in
341 1182 442 1261 quavis
456 1182 555 1242 arbore
567 1192 669 1241 vernat
682 1183 781 1252 honos,
804 1211 808 1220 ·

119 1285 178 1344 Pro
190 1284 277 1344 libitu
290 1285 327 1344 ad
338 1285 417 1344 lucos
429 1285 538 1354 redeas,
552 1285 705 1363 sylvasque
717 1287 833 1354 revisas,

158 1388 241 1448 Laeta
254 1390 358 1466 quibus
371 1399 483 1459 resonat
497 1390 607 1447 musica
620 1396 727 1468 perque
741 1403 815 1448 tuae:

118 1490 174 1550 Sin
187 1492 304 1561 iterum,
319 1493 364 1550 sin
377 1493 582 1560 forte-iterum,
596 1493 904 1552 inclementiobrumae

159 1594 210 1654 Ad
223 1615 287 1654 mea
300 1595 436 1655 dilectam
448 1606 526 1655 tecta
539 1596 657 1654 reducat
671 1616 764 1667 avem,

118 1697 202 1767 Esto,
217 1698 319 1768 redux,
333 1710 415 1776 grato
428 1720 536 1759 memor
549 1709 611 1759 esto
624 1700 780 1778 rependere
794 1710 887 1759 cantu.

159 1801 281 1871 Pabula,
295 1823 359 1880 quae
373 1802 485 1863 dederit
499 1804 872 1882 cunque-benigna-monus.

115 2007 174 2067 Vis
186 2009 254 2068 hinc
267 2010 431 2079 harmoniae,
444 2031 629 2070 numerorum
641 2011 710 2068 hinc
716 2031 800 2070 -sccra
812 2021 939 2088 potestas

157 2113 349 2192 Conspicitur,
363 2134 505 2192 nusquam
519 2114 719 2193 conspiciendo
732 2115 841 2192 magis3

115 2216 246 2276 Vincula
260 2217 337 2296 quod
350 2218 460 2276 stabilis
473 2217 636 2276 firmissima
648 2219 740 2277 nectit
753 2218 865 2285 amoris,

156 2320 284 2380 Vincula
297 2320 444 2399 vix'longa
457 2321 634 2380 dissocianda
648 2320 703 2380 die.
738 2321 740 2327 ’

114 2423 224 2500 Captat
237 2433 267 2482 et
280 2424 409 2482 incantat
422 2423 527 2482 blando
540 2424 729 2483 oblectamine
742 2444 824 2482 musa

157 2527 328 2585 Humanum
336 2527 451 2606 ,pariter
464 2528 712 2606 pennigerumque
724 2547 834 2604 genus3

113 2629 180 2689 Nos
192 2630 322 2689 homines
335 2641 365 2689 et
380 2651 456 2700 oves,
470 2641 653 2708 quotcunque
666 2629 802 2704 animalia¹
811 2630 928 2698 vivunt,
1030 2631 1032 2633 ’

155 2733 219 2793 Nos
232 2734 294 2803 soli,
309 2735 463 2793 harmoniae
476 2755 547 2812 gens
560 2734 687 2794 studiosa
700 2753 808 2793 sumus.
