2408 4252
190 408 246 466 180
393 428 594 468 nxrs'rnuum
611 428 753 478 auarum,
769 427 841 467 nro.

190 566 287 624 Millia
302 567 431 626 Caesareo
444 577 578 626 numerat
593 570 706 646 quoque
718 586 841 626 munere
856 565 982 634 Grant'a,

228 669 301 729 Haec
314 682 412 730 tamen
427 683 471 730 est
486 671 563 729 inter
575 670 668 730 millia
681 671 741 730 tale
755 670 838 729 nihil.

187 771 257 830 Non
270 784 325 840 est,
339 794 396 831 non
410 774 473 837 istis
487 784 585 832 auctor
599 773 635 831 de
648 772 778 832 millibus
790 793 879 842 unus,

226 876 283 934 Cui
296 887 379 934 tanta
392 876 502 953 ingenii
515 875 568 944 vis,
583 875 630 935 vel
645 896 766 935 acumen
780 876 866 935 inest.

480 1444 750 1504 EXISTENTIA

224 1605 400 1662 ENTIUM
423 1601 805 1662 INCORPOREORUM
827 1600 998 1660 COLLIGI

322 1761 489 1820 POTEST
509 1760 684 1818 LUMINE
706 1756 908 1818 NATURAE.

186 1919 302 1978 Ouum
315 1920 428 1979 mortali
443 1919 561 1979 demens
574 1919 715 1998 sapientia
729 1916 820 1975 eredit

186 2024 304 2083 Semine
318 2035 458 2092 oonoreta,
473 2033 503 2081 et
517 2014 593 2082 coeoo
603 2024 713 2099 jactata
726 2020 857 2080 tumultu
879 2007 881 2011 ’

186 2127 332 2206 Principia
346 2119 510 2185 innumeras
523 2147 619 2184 rerum
633 2120 788 2204 procudere
801 2123 924 2182 formas:

185 2231 266 2289 Hine
279 2233 405 2298 animam
419 2229 503 2307 fingit
515 2222 700 2288 nascentibus
713 2227 890 2285 insinuatam

183 2336 338 2412 Corporeas
352 2352 466 2392 servare
480 2332 566 2400 vices,
580 2350 696 2409 unaque
709 2330 805 2406 vigere
944 2315 947 2322 ¹

183 2439 260 2496 Cum
273 2438 418 2505 membris,
433 2456 492 2494 una
504 2435 691 2513 languentem
706 2432 774 2492 flere
787 2431 925 2508 vigorem,

182 2541 282 2618 Atque
295 2541 391 2598 brevis
405 2541 512 2619 pariter
525 2532 651 2617 spatium
666 2537 817 2596 decurrere
831 2535 910 2603 vitae,

183 2644 225 2702 Et
238 2643 325 2702 simul
337 2644 369 2700 in
382 2644 492 2702 cineres
505 2643 698 2719 primaevaque
711 2641 821 2699 semina
834 2636 915 2698 solvi.

221 2746 286 2805 Hos
298 2745 390 2813 ludos,
406 2745 543 2823 Epicure,
558 2755 645 2822 atque
658 2744 719 2802 haec
731 2743 873 2802 insomnia
887 2742 962 2800 ridet

181 2849 334 2908 inventrix
348 2838 409 2907 veri
423 2849 504 2916 ratio,
520 2847 659 2926 sedesque
673 2831 787 2905 futuras

181 2955 338 3020 Monstrat,
353 2963 580 3030 perpetuamque
594 2951 696 3009 animae
709 2960 773 3028 post
787 2951 891 3008 limera
905 2950 999 3008 vitam.

219 3056 298 3114 Nam
312 3056 336 3113 si
349 3052 625 3133 corporeoe'pereunt
640 3074 705 3113 oum
719 3074 834 3131 oorpore
846 3067 969 3121 mentes,
986 3070 990 3076 ·

180 3159 266 3218 Unde
279 3170 333 3225 est,
348 3157 424 3236 quod
437 3179 514 3217 coeco
527 3157 645 3216 resoluti
660 3177 772 3216 earcere
785 3177 884 3214 manes

178 3263 281 3322 Aerias
294 3251 413 3320 sumunt
426 3262 541 3330 formas,
556 3271 586 3318 et
599 3261 700 3318 tenuia
713 3261 850 3328 membra,

176 3366 219 3425 Et
233 3364 340 3424 similes
353 3365 484 3422 referunt
497 3363 606 3430 vultus,
621 3375 760 3440 notasque
774 3362 903 3440 figuras?
