2408 4252
544 385 663 451 voruri.

174 553 310 631 Purpura
322 551 361 610 sit
376 550 499 623 Boccho,
515 549 613 609 Cereri
626 550 665 608 sit
679 536 787 629 pallor3
809 558 839 607 et
853 568 912 606 aevo

214 656 354 715 Maturus
363 655 443 732 justo
457 652 542 714 detur
556 653 673 732 utrique
686 673 778 732 sapor.

174 759 277 818 Divite
291 779 343 838 pro
355 759 444 826 victu,
459 757 589 834 luxuque
602 756 742 815 salubrior
754 755 843 823 omni,

215 863 326 923 Caseus
338 872 400 922 esto
412 873 492 930 tuus,
507 860 622 927 Parma,
637 879 738 918 eorona
752 858 868 938 dapum.

176 966 272 1045 AEquo
284 967 414 1026 animum
427 965 555 1044 imperio,
570 973 625 1022 ete.
836 973 839 977 ’

176 1173 266 1232 Liber
278 1188 309 1232 et
322 1174 468 1241 immuniS,
483 1171 572 1230 nullis
584 1169 603 1229 e
616 1171 746 1250 pertibus
759 1169 880 1240 odotem,

216 1277 283 1338 Nee
294 1278 392 1356 legum
405 1257 541 1337 adverteris
549 1277 609 1336 vim
620 1275 798 1354 fluviumque
811 1286 927 1345 netem3

178 1381 259 1452 Quid
272 1381 381 1460 loquar,
390 1360 441 1440 aut
454 1381 586 1449 scribom,
595 1390 753 1458 cautusque
766 1390 796 1439 et
809 1378 946 1458 providus
959 1400 1027 1440 uuo·
1040 1440 1043 1447 ,

216 1483 265 1542 Ire
278 1483 370 1542 sinam
383 1483 466 1561 regni
478 1503 533 1552 res,
547 1482 628 1542 velut
641 1483 683 1541 ire
696 1481 806 1541 volunt.
953 1481 1027 1560 [tor‚

179 1584 274 1663 AEquo
286 1585 414 1644 animum
428 1585 556 1664 imperio,
571 1595 626 1643 etc.

181 1789 230 1860 Di,
244 1812 315 1869 quoe
328 1790 481 1871 imperium
494 1796 584 1870 penes
597 1802 652 1860 est,
665 1811 820 1870 rerumque
832 1803 969 1872 potestur,

219 1893 331 1972 Regno,
345 1895 451 1973 quibus
463 1882 557 1953 visiun
570 1905 624 1964 est,
639 1894 719 1964 dent,
734 1894 920 1976 adimuntque
933 1896 1011 1959 data.

181 1993 353 2078 Impositum
367 1998 455 2077 capiti
469 1997 576 2057 solvam
589 2018 648 2056 non
660 1998 775 2058 invidus
788 2019 889 2070 assem,

219 2100 286 2160 Una
299 2101 367 2161 lieet
380 2101 485 2160 tubulo
497 2121 554 2160 nox
568 2102 727 2179 eyat'hoque
740 2112 827 2161 caret.

183 2203 274 2283 AEquo
287 2206 416 2264 animum
429 2204 558 2283 imperio,
573 2214 626 2263 etc.

184 2410 296 2472 Solvam
310 2433 372 2490 ego,
387 2433 441 2472 uec
454 2411 592 2490 querulus
605 2421 705 2471 eontra
717 2413 859 2482 mussabo,
872 2413 983 2475 tributo

220 2516 252 2574 Si
267 2526 385 2595 poseant
398 2535 511 2575 meuses
523 2514 771 2595 hebdomadeoque
785 2536 877 2587 nom

184 2620 241 2679 Gur
254 2620 363 2679 etenim
376 2621 543 2678 obmuseono
555 2618 657 2677 duram
670 2619 832 2703 vocitavero
847 2604 951 2698 legem,

219 2724 295 2783 Cum
309 2723 395 2806 fundi
406 2722 518 2784 solvont
532 2713 575 2781 nil
589 2721 646 2780 mei
660 2722 691 2779 in
706 2720 836 2799 Utopia?

186 2827 275 2906 AEquo
288 2829 419 2886 animum
432 2826 564 2912 imperio,
580 2836 633 2884 etc.

213 3066 224 3090 ¹
242 3056 267 3105 Il
275 3056 328 3105 that
337 3055 424 3104 should
435 3055 539 3120 huppen,
547 3055 567 3103 it
577 3055 657 3105 would
666 3056 696 3104 be
708 3055 825 3104 ashrewd
837 3056 948 3105 affliction
959 3064 984 3104 to
992 3057 1033 3106 the

184 3149 243 3202 poet.
535 3145 545 3178 5
562 3135 585 3183 A
596 3135 709 3202 poll-bill.

213 3227 223 3250 ²
238 3219 263 3268 A
272 3218 335 3284 good
345 3225 545 3282 encourogemeul
555 3225 580 3266 to
589 3233 637 3283 pay
649 3216 684 3265 lor
694 3216 730 3265 hir
741 3216 811 3266 head.

212 3307 224 3332 ⁸
239 3300 339 3367 Aplaee
351 3299 375 3347 in
382 3299 486 3365 Jupiter,
495 3316 521 3347 or
528 3299 569 3348 the
579 3314 657 3356 moon,
666 3315 691 3347 or
699 3314 763 3348 rome
771 3298 838 3350 other
845 3298 872 3349 of
877 3298 917 3348 the
926 3298 1018 3365 planeto
1023 3317 1031 3361 5

186 3379 217 3430 lor
225 3382 244 3430 it
254 3383 275 3431 io
286 3391 326 3430 nol
337 3389 362 3430 to
372 3382 403 3429 be
414 3381 488 3430 found
498 3379 523 3429 iu
534 3380 575 3429 the
586 3396 641 3446 map
652 3380 680 3428 ol
688 3381 728 3430 the
739 3379 821 3430 world.

259 3544 265 3555 .
351 3480 378 3539 ἴ
775 3483 794 3522 r
