2408 4252
183 386 239 445 190
342 404 477 443 uuunus
492 404 559 444 nou
574 404 652 444 rura
669 403 709 442 nn
723 404 873 444 lornano.

161 976 165 982 ’
244 1002 431 1062 Mortuus
452 1002 548 1061 Nou
570 1001 672 1060 nmo
694 1001 752 1060 ΑΒ
773 1001 976 1060 mannito.

181 1163 260 1220 Dum
274 1161 381 1240 patrios
394 1161 444 1219 alii
457 1160 594 1219 lmtantur
607 1159 721 1218 volvere
733 1159 833 1228 fastos,

181 1266 397 1344 Auctoremque
411 1285 470 1323 suoe
483 1262 680 1323 venerandum
693 1264 846 1342 exquirere
858 1262 968 1340 gentis,

182 1370 245 1429 Nos
258 1370 407 1428 hominum
420 1386 600 1427 communem
613 1367 789 1444 investigare
801 1377 955 1445 parentem

182 1469 264 1543 Quid
276 1480 366 1539 vetut,
381 1470 560 1547 intentisque
573 1469 691 1530 exordia
703 1470 830 1548 pandere
844 1469 970 1528 mundi?

221 1575 263 1634 At
277 1575 341 1653 quis
354 1585 415 1633 tam
428 1573 519 1632 stulte
533 1574 657 1652 sapiens,
672 1574 723 1652 qui
736 1573 854 1632 finxerit
867 1574 946 1632 orbis
963 1588 968 1594 ·
998 1598 1001 1604 ’

182 1677 269 1736 Hanc
281 1677 384 1735 faciem
397 1675 550 1754 plusquam
564 1687 702 1745 veterem,
717 1687 912 1756 aetemamque
925 1677 1019 1736 teneri

183 1779 306 1839 Foedere
319 1779 470 1839 materiem
484 1779 588 1840 fatali?
609 1779 724 1858 quaudo
738 1779 840 1839 deeora

182 1883 257 1943 Tota
266 1885 424 1961 juventute
436 1882 550 1942 exultet
564 1894 669 1942 nutura
682 1884 826 1962 vigetque.

222 1988 394 2066 Spectemus
406 1987 513 2056 solem;
534 1987 600 2064 quis
613 1986 690 2055 solis,
704 1987 814 2064 origiue
827 1986 918 2054 nulla,

183 2091 309 2168 Fulgore
322 2099 488 2169 perpetuos,
502 2100 537 2148 ut
552 2089 662 2160 Vesta,
677 2090 783 2150 dixerit
796 2091 900 2168 ignes?

182 2195 212 2253 A
225 2215 282 2272 quo
295 2193 443 2271 praedones
456 2195 589 2253 referunt
602 2195 672 2253 dum
686 2195 767 2254 furtu
780 2206 899 2253 cometae

182 2297 282 2376 Ignea,
297 2297 434 2357 diffundit
447 2298 541 2357 radios
555 2299 624 2357 dum
638 2299 775 2378 prodigus
787 2299 859 2378 ipse,

182 2401 262 2459 Olim
277 2401 413 2460 deficeret
426 2397 500 2460 lucis
512 2402 565 2460 lux
579 2403 642 2480 ipsa
654 2413 823 2481 parentem:

183 2504 248 2563 Neo
256 2522 322 2572 nos,
337 2502 386 2577 (ut
399 2516 484 2564 vetus
497 2506 521 2565 it
535 2505 572 2564 de
586 2508 664 2565 ranis
677 2507 800 2585 fabule)
817 2509 928 2570 Plroebo

183 2607 289 2666 Uxoris
301 2607 462 2686 sobolisque
475 2609 678 2669 invidissemus
692 2612 827 2671 honorem
836 2635 848 2670 :¹

182 2712 245 2770 Nos
258 2711 334 2780 orbo,
349 2731 401 2770 nos
413 2711 488 2770 heu!
508 2734 694 2791 quereremur
708 2714 811 2774 ooelibe
825 2715 946 2777 Phoebo.

222 2815 305 2886 Quin
320 2814 391 2873 dum
410 2815 476 2894 plus
494 2817 589 2886 terris,
603 2838 690 2897 quam
709 2802 851 2889 redditur,
868 2822 931 2881 exit
949 2843 1030 2901 aqua·

179 2917 240 2975 Gur
251 2937 311 2976 non
324 2917 357 2974 N
357 2917 453 2977 a'iades
466 2905 567 2978 sieuoe?
590 2920 750 2999 Neptunus
763 2925 889 2983 urescit?
940 2923 1029 3001 [num

183 3020 244 3078 Cur
257 3041 315 3079 nou
329 3021 441 3080 exussit
453 3022 586 3083 sitientes
601 3012 695 3084 Sirius
708 3046 799 3103 agros,

184 3111 248 3182 Nec
261 3124 364 3202 pandit
378 3123 465 3184 tellus
479 3126 609 3186 Erebum
624 3129 728 3188 rimosa
739 3131 938 3208 profundum?

223 3227 313 3298 Quid,
328 3248 394 3288 oum
409 3228 450 3288 sol
464 3232 578 3309 proprio
591 3244 752 3292 remeantes
766 3236 834 3294 orbe
846 3235 981 3314 planetas

183 3329 327 3399 Attrahit,
342 3333 432 3411 inque
444 3334 536 3391 vicem
550 3323 706 3395 attrahitur
714 3360 723 3406 ;
744 3339 768 3397 si
783 3350 890 3398 aeterna
903 3341 1005 3399 fuisset
