2408 4252
414 430 552 472 HYMNUS
567 429 741 472 SBUUNDUS·

230 572 345 631 Natura
357 591 424 630 oum
438 580 540 639 cesset,
554 588 608 629 neo
621 568 745 648 amplius
759 568 821 628 dies

230 675 263 733 N
263 686 398 754 octesqne
411 695 463 752 per
475 670 552 733 vieas
565 693 650 752 opera
664 682 825 732 monstrent
838 681 899 741 tua,

232 779 347 839 Memor
360 798 452 857 usqne
465 798 521 846 oor,
535 798 599 856 quae
612 777 735 855 gratiose
748 775 861 845 feceris,

231 881 374 941 Fideliter
386 880 514 941 revolvet
529 891 560 939 et
572 880 765 940 venerabitur.

231 1061 356 1122 Millena
368 1062 474 1122 millies
487 1082 539 1141 per
553 1083 613 1122 ava
626 1061 771 1121 canticum

230 1167 355 1225 Movebo
367 1165 432 1235 tibi,
446 1165 467 1223 J
469 1166 568 1236 above,
582 1164 787 1244 gratitudinis3

230 1269 298 1340 Sed,
313 1271 346 1328 o!
367 1269 464 1339 nimis,
478 1269 565 1328 nimis
578 1278 622 1328 est
635 1268 740 1338 brevis,
754 1289 808 1328 nec
821 1267 954 1327 laudibus

231 1372 290 1433 Vel
302 1383 364 1432 tota
377 1372 482 1433 sufficit
495 1372 555 1432 tuis
568 1373 722 1431 aeternitas.

349 1884 540 1945 HYMNUS
561 1885 804 1945 SECUNDUS.

231 2047 330 2119 Quam
344 2058 414 2107 sunt
426 2049 515 2119 beati,
529 2049 589 2127 qui,
605 2048 625 2106 J
626 2049 726 2118 ehova,
740 2059 771 2108 te
784 2048 900 2107 colunt!

229 2151 325 2223 Quam
340 2161 419 2211 certa
432 2161 498 2212 tute
511 2173 542 2213 es
555 2164 586 2212 te
599 2153 766 2212 verentibus
780 2151 876 2211 salus!

230 2254 350 2315 AEterna
363 2275 444 2315 mens
457 2275 504 2315 eos
518 2255 603 2334 regit,
617 2255 677 2314 dux
691 2265 722 2315 et
736 2276 838 2324 comes,

231 2357 273 2418 Et
285 2359 376 2437 major
388 2359 520 2418 omnibns
533 2368 661 2438 potestas
673 2358 801 2436 adjuvat.

231 2540 267 2599 In
281 2541 390 2619 exteris
403 2542 509 2620 regnis,
524 2540 651 2620 locisque
665 2540 784 2609 dissitis,

231 2642 395 2722 Vigilantia
408 2665 526 2704 securus
540 2654 570 2703 et
585 2644 680 2703 salvus
694 2654 755 2714 tua,

230 2746 300 2806 cali
314 2767 367 2826 per
380 2748 508 2807 ardentis
521 2748 708 2826 peragrabam
721 2746 830 2826 plagas,

231 2849 273 2910 Et
286 2850 462 2911 insalubrem
475 2871 562 2910 sanus
575 2851 741 2911 hauriebam
756 2855 829 2910 a‘e‘ra.

232 3032 312 3093 Tuus
326 3053 378 3112 per
391 3054 474 3092 omne
487 3034 587 3093 vultus
601 3032 710 3093 affulsit
724 3033 825 3102 solum,

232 3135 391 3215 Solnmque
405 3137 475 3196 fecit
488 3157 573 3196 omna
586 3136 658 3194 mihi
672 3147 707 3195 ut
719 3137 864 3207 arriserit3

233 3239 333 3300 Calore
347 3240 520 3320 temperavit
534 3237 657 3318 Alpium
670 3240 761 3307 nives,

232 3343 375 3423 Tuscique
389 3343 580 3424 complanavit
594 3341 686 3402 undas
698 3343 826 3421 equoris.
