2408 4252
507 419 698 462 nortmanno.

175 559 247 619 Non
259 562 355 639 agitur
368 561 472 630 ventis,
487 581 544 620 non
560 572 604 621 est
618 559 761 620 versatilis
774 559 869 627 undis,

218 662 374 722 Versandae
388 664 442 744 toti
456 664 562 723 sufficit
575 683 652 722 unns
665 664 757 722 homo

177 765 269 845 Pyrri·
282 767 415 845 quadrati
428 787 465 827 ex
479 767 551 845 ligni
565 768 742 846 compagine,
758 787 903 825 summum

218 870 331 930 Inrersi
344 872 408 930 coni
422 871 536 931 conficit
550 873 641 930 instar
655 892 735 950 opus.

178 973 250 1032 Huc
262 995 316 1054 ope
329 975 469 1034 scalarum
482 974 647 1044 accendens,
662 973 700 1032 de
711 974 841 1052 margine
854 994 945 1051 oapsae

220 1076 380 1154 conjicitur
393 1097 530 1156 proeoeps,
544 1087 579 1136 ut
589 1079 769 1155 juvenescat,
784 1097 864 1135 anus.

181 1179 262 1238 Dum
275 1190 337 1240 roto
350 1191 491 1249 venatur,
507 1180 628 1255 (credat,
643 1182 694 1259 qui
707 1180 872 1259 conspicit)
887 1181 948 1238 exit

201 1347 204 1352 ,
220 1282 314 1342 Juxta
326 1285 492 1362 expectanti
505 1285 625 1363 pulchra
638 1284 735 1363 puello
748 1302 840 1361 proco.

182 1386 318 1456 Pulchro,
334 1387 448 1457 decens,
466 1387 714 1447 habilis-vetule
733 1388 794 1446 haec
813 1387 952 1445 miracula
971 1407 1032 1445 cer·
1073 1378 1075 1382 ’

222 1489 264 1548 Et
278 1510 397 1569 propere
410 1490 447 1549 ad
460 1491 558 1560 scolas,
572 1501 607 1550 ut
620 1500 804 1558 renoventur,
819 1498 898 1549 eunt.
927 1487 1032 1564 [nunt

183 1592 251 1651 Jam
264 1613 322 1652 non
334 1594 366 1651 in
378 1593 492 1672 plateis,
506 1594 590 1672 longa
603 1594 733 1653 confecta
746 1603 870 1660 senecta,

224 1695 290 1754 Hoc
302 1696 401 1756 vetulo
414 1696 533 1756 exaudit
547 1697 641 1766 triste,
657 1698 808 1756 Memento
821 1696 902 1754 mori.

185 1799 305 1877 Siqnam
317 1800 488 1878 pervulgata
500 1800 586 1859 fidem
599 1802 712 1879 pictura
724 1808 862 1868 meretur,

224 1901 306 1960 Laeto
319 1902 410 1979 magis
424 1922 479 1961 vox
493 1913 537 1962 est
550 1902 609 1972 illa,
625 1903 776 1962 Memento
790 1901 874 1960 Moli.

487 2671 748 2731 CORNICULA.

194 2834 319 2892 Nronns
332 2834 409 2891 inter
423 2852 490 2891 oves
503 2831 564 2888 avis
577 2839 631 2898 est,
646 2849 710 2906 qnae
724 2828 849 2905 plurima
862 2839 967 2897 turres,

232 2937 378 3014 Antiquos
390 2934 474 3004 redes,
489 2933 621 3011 celsoque
634 2932 701 2990 fona
715 2931 791 2990 colit.

195 3040 247 3098 Nil
260 3051 320 3098 tom
333 3039 457 3098 sublime
469 3047 524 3106 est,
538 3036 616 3116 quod
629 3055 685 3094 non
698 3034 806 3094 oudnoe
819 3034 927 3104 volatu,
1031 3051 1034 3059 ·

233 3142 330 3202 A'e'riis
343 3160 481 3220 spernens
494 3140 638 3208 inferiora,
652 3139 737 3216 petit.

197 3245 262 3317 Quo
275 3265 360 3304 nemo
372 3232 522 3313 oscendot,¹
531 3243 578 3302 cui
592 3263 650 3300 non
664 3243 774 3320 vertigo
787 3243 934 3302 cerebrum

235 3349 387 3427 Corripiat,
401 3357 480 3408 certe
492 3348 570 3407 hunc
583 3346 680 3424 seligit
693 3346 745 3405 illo
758 3345 861 3405 locum.
