2408 4252
465 430 740 472 snuna‘racrrrea.
760 437 765 445 ¹
968 411 1030 473 243

174 568 208 627 N
208 589 241 629 ae
253 567 348 630 nomes
360 570 501 648 ingratus,
515 580 624 648 paetum
638 588 704 629 num
717 569 824 630 leuiter
837 569 944 639 haurit,

215 672 258 734 Et
270 673 363 733 reficit
376 693 438 734 sese
451 672 548 734 lentus
563 671 648 735 odore
662 672 737 732 tubi.

174 773 219 835 At
232 795 290 834 non
303 775 468 835 immodicos
480 775 594 854 potanti
607 775 712 836 sufficit
725 774 865 846 haustus3

216 878 357 938 Mensura
370 880 489 958 cyathos
502 879 552 937 rix
565 889 721 957 superante
733 878 814 940 duos.

177 978 351 1058 Quanquam
365 1001 420 1040 nec
433 981 543 1050 titulos,
558 992 588 1041 et
601 983 679 1040 avita
692 982 817 1060 iusignia
829 982 957 1060 praefert,
968 1014 972 1021 ·

216 1083 250 1141 N
250 1104 283 1143 ec
295 1083 366 1164 qnid
378 1095 534 1164 paupertas
547 1085 711 1144 ambitionis
724 1085 830 1156 habet3

176 1186 210 1244 N
210 1207 243 1246 ee
257 1187 462 1266 Barringtonio
476 1187 583 1247 similes
597 1198 724 1248 ostentat
737 1188 868 1258 honores,

217 1290 402 1369 Cristamque
415 1301 446 1350 et
459 1301 585 1360 scutum,
598 1287 862 1370 sanguineamque‘
872 1312 1008 1353 manum:

176 1390 272 1471 Atqui
285 1393 375 1452 animi
386 1394 530 1463 memoris,
544 1394 677 1473 gratique
690 1405 735 1454 est
748 1395 992 1474 pectorisinde15

218 1496 275 1556 Est
289 1497 377 1556 etiam
390 1498 422 1556 in
435 1517 522 1576 parvo
535 1517 656 1556 munere
669 1496 765 1557 dnntis
778 1517 867 1558 amar.

177 1598 210 1656 N
210 1599 306 1659 omina
319 1621 385 1660 cunr
397 1601 507 1679 majora
519 1601 635 1679 scyphis
646 1601 779 1661 exederit
792 1611 871 1671 oetas,

217 1702 250 1761 N
250 1723 283 1762 ec
296 1703 432 1763 distincta
445 1703 504 1763 suis
517 1724 572 1762 uec
585 1703 769 1765 memoranda
781 1705 858 1765 notis
865 1726 875 1776 3

178 1805 294 1885 Pauper
307 1805 456 1866 Johannes
469 1805 540 1866 seris
553 1807 710 1868 testabitur
723 1808 816 1878 annis,

217 1908 326 1979 Versu,
339 1931 426 1989 quem
439 1909 572 1989 simplex,
587 1910 639 1970 sed
651 1911 709 1990 pia,
723 1932 806 1972 musa
819 1912 915 1983 eanit3

178 2012 248 2072 Non
262 2033 324 2073 esse
338 2013 453 2092 argenti
466 2012 589 2092 pondus,
602 2013 679 2092 quud
692 2012 775 2084 dona,
790 2013 841 2074 sed
853 2035 915 2076 esse

219 2115 363 2177 Donantis
376 2126 515 2184 mentem,
529 2135 594 2194 qua
606 2116 732 2195 pretiosa
745 2117 823 2177 facit.

547 2327 665 2341 *

420 2486 558 2545 SELLA
580 2486 790 2557 PACIFIGA.

180 2644 301 2704 Uenus
314 2655 358 2705 est
371 2644 516 2714 cathedra,
530 2654 561 2704 at
573 2643 667 2704 multu
679 2645 898 2723 superimminet
912 2645 1000 2715 amni,

220 2748 339 2818 Rerum
353 2749 404 2809 ubi
417 2758 576 2808 nascuntur
585 2747 694 2827 jurgia,
707 2758 786 2808 eerta
799 2747 878 2808 salus
885 2769 895 2819 3

179 2852 337 2913 Effraenem
350 2852 464 2913 euhibet
476 2872 541 2930 quoe
553 2850 694 2929 linguam,
708 2862 739 2911 et
751 2861 894 2931 temperat
907 2853 973 2922 iras,

219 2955 252 3014 N
252 2977 285 3016 ee
297 2956 377 3027 sinit,
392 2967 426 3016 ut
439 2955 513 3015 ratio
526 2954 638 3014 deserat
652 2954 816 3033 imperium.

155 3122 165 3141 ,
180 3059 216 3118 In
230 3080 287 3139 qua
300 3058 450 3139 Xantippe
463 3078 641 3141 quaquuque
654 3058 836 3136 immergitur
849 3057 935 3118 undis

220 3162 280 3224 Ter
291 3175 404 3243 quater,
418 3148 541 3222 innocua
554 3161 651 3221 mitior
665 3161 726 3221 exit
739 3182 800 3222 ove.

478 3373 488 3409 ¹
501 3376 598 3442 Insigne
607 3373 734 3425 baronetti.

741 3463 796 3522 aa
