2408 4252
183 405 242 476 174
496 420 729 463 csuuurnrcns.

182 563 306 642 Statque
319 582 405 622 mora
418 562 540 641 patiens,
555 560 684 618 humeris
697 579 751 618 nec
764 557 892 636 pondera
906 557 1006 617 sentit.

181 666 294 726 Sicubi
309 667 482 726 Tartareum
496 684 594 742 regem
610 663 796 742 Rhodopeius
810 661 951 740 Orpheus

181 770 324 830 Threiciis
338 769 452 829 studuit
466 767 572 827 fidibus
585 767 724 836 mulcere,
738 765 844 825 laboris

180 874 346 943 Immemor,
362 873 490 932 AEulides
504 872 618 951 stupuit
631 871 826 930 modulamina
840 869 956 948 plectri,

180 978 247 1037 Nec
260 978 350 1036 sensit
363 976 475 1035 funesti
489 996 574 1034 onera
587 974 785 1034 incumbentia
798 974 871 1032 saxi.

181 1082 266 1160 Saepe
280 1083 463 1140 interventus
476 1079 573 1139 rhedae
587 1078 766 1158 crepitantis,
781 1077 881 1137 abillo

180 1181 330 1252 Vicorum,
344 1192 395 1242 aut
409 1182 469 1251 illo,
483 1183 640 1261 stipantem
653 1180 803 1240 hincinde
817 1190 963 1239 catervam

179 1285 297 1345 Dividit
305 1309 315 1356 ;
336 1296 366 1344 at
380 1306 479 1344 trusus
492 1296 607 1355 coeunt,
622 1286 673 1344 ubi
686 1285 801 1344 transiit
816 1283 876 1351 illa,

181 1389 224 1447 Ut
238 1400 343 1448 coeunt
357 1411 466 1458 rursus,
481 1388 587 1468 puppis
601 1410 672 1468 quas
685 1388 800 1456 dividit,
814 1387 910 1446 undae.

219 1597 381 1656 Cantieulae
394 1586 685 1656 interea'narraverat
700 1605 906 1674 argumentum

180 1701 285 1761 Altera
300 1701 447 1768 Sirenum,
462 1700 545 1758 infidi
558 1701 687 1778 perjuria
700 1709 807 1767 nautae,

181 1804 400 1882 Deceptamque
415 1803 478 1862 dolo
492 1805 650 1882 nympham
658 1826 667 1873 ;
689 1815 754 1862 tum
768 1802 865 1861 debile
878 1820 993 1861 carmen

180 1907 343 1966 Flebilibus
357 1908 447 1965 movit
461 1908 598 1976 numeris,
613 1927 683 1986 quos
697 1907 790 1966 altera
803 1926 889 1966 versu

179 1986 306 2071 Alterno
319 2011 451 2089 excepit:
472 2010 581 2089 patulis
595 2020 674 2070 stant
687 2008 808 2068 rictibus
820 2028 938 2067 omnes:

180 2115 323 2175 Dextram
337 2113 387 2173 ille
401 2114 532 2183 acclinat,
547 2114 648 2173 laevam
662 2113 713 2172 ille
726 2113 869 2172 attentius
882 2131 990 2180 aurem,

180 2219 357 2278 Promissum
371 2239 486 2277 carmen
500 2230 615 2296 captare
628 2227 748 2296 paratus
760 2217 853 2274 biatu.

177 2322 280 2401 Longa
293 2324 400 2382 referre
412 2343 491 2380 mora
505 2335 559 2390 est,
575 2321 704 2379 animum
717 2340 775 2398 qua
788 2319 891 2378 vicerit
905 2329 969 2379 arte

179 2424 355 2504 Virgineum
366 2426 493 2502 juvenis.
533 2423 553 2481 J
555 2444 601 2483 am
615 2434 737 2502 poscunt
751 2423 882 2502 undique
895 2423 1005 2482 chartas

180 2529 329 2589 Protensae
342 2542 504 2608 emptorum
520 2529 639 2597 dextrae,
652 2549 724 2607 quas
737 2527 790 2586 illa
803 2526 851 2586 vel
864 2526 916 2586 illa

181 2632 351 2702 Distribuit,
367 2643 523 2711 cantatque.
537 2631 639 2691 simul:
661 2651 756 2710 neque
769 2631 884 2690 ferreus
896 2629 954 2689 iste

180 2734 237 2794 Est
250 2755 372 2814 usquam
387 2734 510 2804 auditor,
526 2733 619 2792 dulcis
634 2735 682 2792 cui
695 2733 762 2793 lene
775 2752 902 2792 camaerm

180 2838 250 2897 Non
264 2837 382 2896 adhibet
395 2847 582 2907 tormentum,
597 2848 627 2896 et
640 2837 784 2896 furtivum
798 2836 879 2896 elicit
893 2857 991 2897 aasem.

181 2939 248 2999 Stat
261 2938 372 2999 medios
385 2939 471 3007 iuter,
486 2940 646 3018 baculoque
659 2940 796 2999 innititur
812 2940 897 3011 Irus,-

180 3044 247 3102 Nec
259 3054 320 3102 tam
372 3043 419 3102 hic
434 3043 527 3102 loculo
540 3043 644 3121 parcit,
658 3043 710 3102 sed
722 3043 862 3121 prodigus
876 3045 940 3103 aeris

180 3146 306 3225 Emptor
318 3063 408 3216 diost,
424 3146 509 3206 solvit
523 3148 661 3226 pretium,
676 3167 849 3226 carmenque
862 3148 990 3226 requirit

182 3250 253 3308 Fors
264 3250 351 3327 juxta
365 3248 497 3310 adstabat
510 3251 610 3310 vetula
624 3250 786 3310 iracundior
800 3271 884 3330 tequo
891 3275 901 3323 ;

180 3353 256 3425 Quae
269 3353 362 3413 loculo
376 3374 412 3413 ex
426 3354 484 3412 imo
496 3354 633 3424 invitum,
647 3354 823 3433 longumque
837 3354 977 3416 latentem
