2408 4252
443 401 588 442 rumam.

262 696 454 756 VERITAS
476 696 532 755 ΕΤ
554 696 769 756 AMICITIA.

86 857 158 914 Esu
172 857 263 925 homo,
277 865 416 915 mercator
430 856 500 924 ruri,
514 856 561 913 cui
575 854 627 912 lux
640 855 739 914 tremit
753 855 851 925 intus;
868 877 870 881 ’

131 960 168 1018 In
182 959 263 1019 cultu
276 960 402 1037 gravitas
415 970 469 1027 est,
483 959 558 1018 etin
573 978 620 1018 ore
634 958 721 1018 fides:

87 1063 152 1135 Qui
165 1062 258 1141 longis
271 1063 332 1121 odit
345 1063 497 1121 verborum
510 1063 678 1140 ambagibus
691 1063 746 1131 uti,

130 1166 162 1223 N
164 1187 196 1225 ec
209 1186 275 1224 cum
289 1166 390 1224 vicinis
405 1164 619 1225 dissimulanter
633 1167 702 1244 agit.

88 1269 158 1329 Nec
171 1270 298 1348 pretium
311 1269 472 1346 ingeminat
484 1268 635 1328 venalibus
649 1268 773 1347 amplius
787 1290 876 1348 atquo,

82 1446 85 1451 Ι
134 1373 177 1431 Ut
190 1393 257 1431 mox
271 1372 423 1441 diminuat,
439 1370 618 1440 dimidietve,
631 1370 754 1430 lucrum.

89 1475 125 1532 N
126 1495 159 1534 ec
172 1475 258 1532 nimis
271 1473 386 1533 extollit
400 1494 517 1543 meroes,
530 1484 560 1533 et
574 1473 709 1532 laudibus
722 1485 827 1553 auget3

133 1575 324 1636 Commendet
337 1575 442 1636 melius
455 1597 527 1656 quas
542 1597 612 1636 suus
625 1577 688 1656 ipse
700 1578 788 1637 valor.

89 1681 148 1738 Nil
160 1700 267 1740 vanum
280 1691 330 1739 aut
344 1681 468 1750 falsum;
490 1679 540 1740 sed
553 1701 599 1740 noe
611 1681 768 1741 solenniter
781 1693 832 1742 aut
845 1703 902 1742 non

133 1784 247 1842 Profert
260 1782 425 1861 particulas,
440 1794 471 1842 et
484 1785 546 1844 sine
559 1784 672 1854 fraude,
687 1781 767 1845 duas.

90 1886 295 1965 Quodcunque
308 1886 450 1945 affirmato
464 1907 535 1966 opus
548 1899 602 1956 est,
617 1888 807 1969 quodeunque
819 1900 938 1968 negatu,

132 1990 267 2048 Affirmat
280 1988 369 2058 nude,
384 1988 610 2069 simpliciterque
623 2001 719 2068 negat.

90 2093 122 2152 Ο
136 2094 263 2172 probitas
276 2093 429 2172 primaeva!
451 2114 488 2152 an
502 2104 532 2152 et
545 2094 607 2153 baec
619 2094 754 2154 laudatur
768 2105 798 2154 et
812 2095 911 2173 alget?

132 2197 240 2256 Nonne
253 2197 314 2256 baec
327 2207 470 2274 emptores
483 2197 633 2257 conciliare
646 2202 762 2276 potest?

90 2301 166 2360 Noe!
188 2301 279 2370 venit,
294 2301 347 2358 ab!
369 2319 438 2359 sane
450 2301 456 2357 !
478 2300 589 2360 multus
602 2302 683 2361 venit
696 2312 808 2380 emptor
820 2302 939 2372 amicus,

133 2402 290 2481 Multaque
304 2422 370 2461 cum
382 2412 481 2461 sancto
494 2403 583 2463 fratre
597 2405 715 2482 profana
728 2425 813 2464 soror.

421 2867 617 2926 AENIGMA.

89 3027 253 3085 Psnvunn
267 3045 321 3095 res,
336 3036 366 3084 et
380 3045 432 3084 acu
446 3025 539 3084 minor
552 3035 606 3093 est,
621 3035 651 3084 et
664 3025 787 3103 Ineptior
800 3045 873 3085 usu:

134 3127 272 3205 Quotque
286 3128 347 3187 dies
360 3148 464 3198 annus,
478 3138 522 3186 tot
535 3128 590 3187 tibi
604 3126 739 3186 drachma
751 3127 841 3188 dabit.

89 3229 156 3290 Sed
169 3229 237 3288 licet
251 3229 349 3308 exigui
362 3230 450 3308 pretii
464 3230 633 3308 minimique
645 3229 757 3299 valoris,

135 3332 222 3404 Epoe,
237 3343 306 3411 quot
320 3333 462 3391 artificum
476 3332 603 3411 postulat
616 3332 667 3392 illa
679 3337 800 3392 manus!
