2408 4252
179 369 236 428 136
446 386 488 428 nn
502 384 651 427 nsvrnnu
666 384 757 428 soon.

179 526 226 585 Tu
239 525 349 606 gelidos
362 526 553 586 interventus
565 525 687 586 versaris
700 535 730 584 et
743 524 858 592 imbres,

217 631 294 689 Cum
306 629 382 688 muln
394 640 561 708 tempestas,
575 640 606 689 et
619 629 702 708 nigra
715 610 797 689 saesit
810 628 913 688 hiems.

178 733 238 792 Seu
252 744 284 792 te
296 743 468 812 praesentem
482 734 573 802 vicus,
587 753 639 793 seu
652 731 776 802 viculus,
790 731 891 802 sudit;

218 836 403 896 Nocturnum
416 835 509 895 multo
522 837 648 896 carmine
661 835 739 895 fallis
751 836 817 895 iter.

179 939 260 1011 Quid
273 941 298 998 si
311 939 390 1014 culta
402 939 509 1008 minuS,
524 939 607 1000 doctu
620 950 703 1000 venet
715 950 778 999 erte
791 939 893 1018 poesis,

219 1042 252 1102 si
265 1043 389 1122 simplex
402 1063 502 1102 versus
515 1043 564 1112 sit,
578 1044 749 1122 numerique
761 1042 868 1113 rudes3
970 1028 973 1034 ’

179 1144 455 1209 Ιιινίᾶίαιιιεοιιιιιιιε
469 1145 567 1220 (tanta
579 1145 762 1225 indulgentis
775 1147 883 1224 noetis)

218 1248 367 1329 Opprimit
374 1272 384 1320 ,·
405 1261 436 1309 et
448 1249 531 1320 livor,
546 1251 740 1319 suscitante,
754 1248 830 1309 silet.

178 1353 320 1412 Divorum
333 1353 456 1432 hyberni
468 1374 581 1413 menses
594 1364 779 1433 quatumque
792 1353 949 1421 eelebrent,
1010 1369 1014 1372 ’

217 1456 332 1535 Cuique
345 1456 439 1516 losum
453 1468 484 1517 et
497 1477 612 1517 versum
626 1456 676 1517 dat
689 1468 741 1517 tua
752 1476 835 1517 muss
849 1476 953 1516 suum:

179 1560 314 1639 Crispino
322 1570 390 1620 ante
400 1580 518 1630 omnes3
534 1561 718 1638 nequeenim
728 1561 791 1622 sine
799 1560 926 1623 carmine
934 1561 979 1620 fas
989 1571 1033 1621 est

217 1665 250 1723 N
250 1664 470 1726 obilesutorum
483 1664 656 1743 praeteriisse
669 1663 766 1725 decus.
783 1693 786 1726 t
835 1694 838 1700 ·

180 1770 246 1829 Nec
258 1780 311 1829 tus
323 1779 355 1828 te
368 1769 462 1847 pietus
474 1767 537 1829 fieri
550 1767 713 1845 permiserit
725 1787 854 1847 unquam

218 1874 338 1933 Oaesaris
352 1871 762 1949 immemorem-caesaresque*
770 1870 879 1932 domus.

135 1986 141 1993 '
179 1978 282 2037 Officio
295 1975 424 2036 dominos
436 1974 530 2035 multo
543 1973 729 2052 dominusque
741 1972 851 2035 salutas
858 1996 868 2044 3

219 2082 322 2140 Gratis
332 2099 388 2139 nec
400 2079 466 2138 fide
479 2077 644 2140 sedulitatis
656 2079 744 2138 abest.

179 2185 281 2245 Multa
293 2185 397 2243 donem
407 2183 541 2260 juvenes,
554 2191 585 2241 et
595 2180 732 2260 vpulelrrss
744 2179 838 2242 mults
850 2179 975 2260 puellas,

220 2288 303 2347 Utile
315 2297 353 2346 tu
363 2286 461 2365 pueris
475 2284 692 2363 virginibusque
705 2285 802 2345 nanis:

181 2391 357 2470 conjugium
369 2389 443 2450 felix
455 2387 574 2449 moritis
586 2388 842 2466 utentibus-optas,
855 2420 859 2426 ·

219 2493 466 2571 Cunctaquequae
477 2500 574 2553 enstus
586 2491 693 2570 gaudis
705 2491 800 2553 lectus
810 2473 916 2554 babet

180 2597 228 2657 Tu
241 2597 367 2656 monitor
378 2595 497 2671 famulis
508 2615 596 2658 sexus
608 2595 761 2674 utriusque
772 2595 925 2674 benignus,

220 2699 387 2760 Munditias
400 2698 458 2758 illis
471 2699 612 2776 praeeipis,
627 2699 705 2760 hisee
713 2698 816 2760 iidem.

180 2805 324 2864 Omnibus
337 2802 453 2878 stvotis
466 2802 520 2861 hoc
532 2822 596 2861 oras
608 2812 695 2880 atque
708 2806 834 2881 perores,

219 2907 263 2967 Ut
276 2905 399 2992 dominis
412 2904 516 2965 eedsnt
530 2925 665 2984 prospers
679 2926 800 2985 qunque
812 2905 881 2976 tuis.

180 3011 280 3070 Unum
293 3011 347 3069 hoe
357 3028 419 3087 proe
430 3009 546 3069 eunetis·
554 3009 719 3068 meminisse
732 3009 866 3080 hortaris,
880 3019 915 3070 ut
927 3010 994 3070 imis

220 3113 340 3172 Summa
353 3111 441 3173 etism
454 3122 586 3190 eanuet
598 3113 699 3172 monis
712 3113 804 3173 amics
815 3133 930 3174 manus.

179 3215 260 3288 Quid
272 3216 327 3276 tibi
340 3235 392 3295 pro
404 3215 526 3275 totidem
539 3215 650 3277 meritis
663 3219 833 3295 speremus?
852 3219 941 3278 amori

219 3320 331 3392 Quisve
343 3329 395 3396 tun
403 3318 524 3398 ¹aequalis
537 3318 715 3382 retribuatur
727 3324 825 3382 emm?
