2408 4252
467 404 573 445 onnon
588 405 724 446 nomon.
982 386 1021 446 89

175 542 232 602 Sed
244 543 410 622 quicunque
423 541 508 603 fidem
522 542 645 613 deimin,
659 563 712 604 neo
725 542 835 604 foedere
848 553 938 603 certos

212 645 373 716 Servatam,
387 668 404 707 a
416 667 494 706 sacro
507 647 616 726 oespite
628 647 697 707 siste
710 647 840 727 gradum.

177 748 261 820 Quod
273 750 364 810 subiit
377 750 510 829 Corydon
523 751 627 820 fetum,
641 769 749 810 memor
761 761 842 822 esto;
862 769 917 810 nee
928 749 990 810 illie

212 851 256 912 Te
268 853 346 913 tristi
359 873 477 913 occursu
492 863 599 913 terrent
612 854 724 924 umbre,
738 874 815 914 euve.

421 1423 566 1482 CHLOE
588 1422 774 1487 MONITA.

177 1579 252 1638 Dmr
264 1581 343 1640 festu
356 1599 414 1649 me,
427 1600 491 1640 eme
505 1579 605 1650 Chloe,
619 1581 663 1640 fos
676 1589 782 1659 preter
795 1592 825 1640 et
840 1600 964 1660 equum,

213 1683 345 1753 Submis,
359 1694 390 1743 et
403 1683 496 1743 reficis
509 1695 570 1762 spe,
584 1683 750 1762 munireque
762 1693 853 1753 metu,

177 1785 317 1865 Dependis
330 1786 403 1846 loetae
415 1785 492 1866 quod
504 1784 650 1846 umoenum
663 1797 707 1846 est
720 1806 806 1845 omne
815 1786 964 1863 juventoe5

211 1889 305 1969 Inque
318 1901 497 1950 senectutem
509 1890 594 1949 triste
606 1890 721 1968 reponis
733 1910 813 1949 onus.

179 1991 277 2052 Forma
288 1992 394 2062 brevis,
408 1991 489 2063 dieis,
504 1991 554 2052 flos
568 1992 729 2062 etaetatis,
743 2013 878 2071 amorque

211 2095 321 2165 Rebus,
335 2117 399 2175 qnae
411 2106 545 2175 pereunt,
558 2106 649 2166 ortus,
663 2108 693 2156 et
707 2097 768 2175 ipse
781 2097 858 2175 perit
865 2117 876 2168 ;

180 2198 238 2259 Hoc
250 2199 306 2260 tibi
318 2198 488 2278 persuades:
511 2199 573 2269 sed,
587 2219 619 2259 re
632 2199 715 2258 modo
729 2199 806 2258 dieta
820 2199 957 2278 proberis,

212 2302 309 2376 Quom
323 2301 397 2362 male
410 2301 573 2380 persuades,
588 2301 761 2381 experiendo
774 2303 853 2362 scies.

180 2504 216 2568 Ut
228 2508 267 2568 sit
279 2519 447 2588 perpetuus,
462 2510 552 2567 forma
565 2510 614 2587 qui
628 2508 765 2576 nascitur,
779 2518 813 2565 ut
827 2507 865 2567 sit

212 2611 348 2680 Mutuus,
362 2611 460 2670 officiis
473 2630 599 2671 erescere
612 2611 699 2670 debet
713 2630 799 2669 emor.

181 2711 250 2774 Sunt
262 2713 362 2774 blondi
375 2714 450 2774 risus
462 2714 618 2793 primordie
631 2713 723 2784 lueis3
744 2732 849 2784 amore,

213 2817 291 2877 Tum
304 2816 398 2887 modo,
412 2838 478 2877 cum
493 2818 626 2886 fruimur,
640 2816 736 2894 fulget
749 2825 851 2896 aperte
864 2817 933 2878 dies.

181 2916 208 2978 si
220 2920 274 2980 tibi
287 2941 345 2980 nox
357 2921 484 2981 tenebris
496 2920 561 2981 illos
574 2919 688 2980 obvelet
701 2919 814 2991 ocellos,

213 3020 271 3095 Qui
284 3033 346 3084 tam
355 3023 519 3101 jucundum
532 3042 610 3083 nunc
623 3023 802 3102 rutilumque
816 3024 930 3095 nitent;

182 3119 210 3181 si
221 3134 314 3185 totum
327 3126 431 3204 eripiet
444 3126 546 3185 eaelum
560 3122 692 3204 ealigine,
706 3137 825 3205 quantu,

215 3227 349 3288 Dicemus
362 3250 510 3299 memores,
524 3229 576 3288 lux
590 3229 742 3308 aliquando
756 3231 832 3289 fuit!
