2408 4252
179 416 237 474 228
353 434 513 474 rutundis
528 434 612 474 sunu
627 433 858 484 austrannus.

180 575 240 633 Hic
253 573 352 642 oculis,
368 573 498 641 Gulilaee,
513 574 581 641 tuis,
596 592 732 651 nexuque
746 574 882 631 tuborum

180 679 353 745 Instructus,
368 677 456 736 celeri
468 676 612 735 volventia
626 676 719 735 sidera
732 687 823 746 motu,

181 783 267 841 Mille
281 782 352 841 alias
365 791 466 849 terras,
480 781 570 839 maria
583 780 673 838 altera
685 780 778 838 millia
791 800 916 838 cernam.

220 886 277 946 Fas
290 886 346 944 erit
359 885 472 963 ingenti
486 884 641 943 ducentem
654 883 759 943 saecula
771 903 842 962 gyro

180 989 341 1049 Saturnum
355 999 484 1067 spectare
497 1009 622 1066 gravem.
664 988 731 1046 Jarn
744 986 900 1066 languidus
914 1007 976 1045 aevo

180 1094 242 1152 Vix
253 1094 401 1172 graditur:
421 1104 501 1152 vetat
511 1093 578 1151 hine
590 1104 677 1171 atque
687 1093 755 1150 binc
765 1090 927 1150 lentissima
937 1088 1035 1157 moles,

179 1197 300 1255 Informi
314 1207 445 1255 concreta
459 1195 527 1272 gelu
535 1217 545 1265 3
566 1196 674 1254 circum
688 1205 751 1253 atra
764 1203 893 1273 pererrat
928 1261 932 1269 ,

180 1300 281 1378 Caligo
294 1302 487 1367 tenebrarum,
502 1309 532 1358 et
547 1300 614 1358 saevi
628 1298 743 1376 frigoris
755 1298 862 1369 horror.

182 1403 272 1462 Haud
285 1404 383 1462 niveos
396 1423 517 1481 usquam
532 1401 686 1461 tondentes
699 1412 782 1480 prata
791 1401 931 1478 juvencos

180 1508 306 1566 Cernere
320 1508 387 1575 crit,
400 1506 453 1564 lati
467 1527 520 1564 nec
533 1516 632 1584 aperta
645 1525 696 1583 per
710 1524 822 1582 aequora
835 1504 930 1581 campi
977 1524 981 1531 ’

181 1609 286 1668 Evolat
302 1610 393 1669 Eleus
407 1611 538 1688 sonipes;
560 1629 651 1685 genus
665 1629 728 1666 acre
742 1608 875 1686 luporum

179 1711 292 1791 Aspera
305 1714 398 1771 nutrit
412 1714 514 1780 hiems,
528 1712 701 1790 ululantque
714 1712 745 1769 in
759 1711 907 1769 montibus
921 1711 990 1769 ursi.

180 1817 245 1875 Nec
258 1817 352 1875 moliri
365 1837 453 1885 arces,
467 1817 543 1874 ferro
557 1827 608 1873 aut
621 1814 803 1893 proscindere
816 1812 944 1890 glebam,

180 1921 257 1979 Cura
271 1921 349 1979 subit
362 1919 499 1998 populos,¹
521 1919 600 1977 labor
614 1940 690 1978 unus
704 1929 733 1978 et
747 1938 805 1976 una
819 1918 954 1995 voluptas

180 2024 216 2082 In
232 2023 319 2102 sylvis
333 2024 442 2101 agitare
456 2024 542 2091 feras,
556 2023 691 2100 nudoque
706 2023 759 2080 sub
773 2042 826 2080 axe

181 2127 341 2185 Indcrmire
355 2127 422 2195 solo,
437 2138 467 2184 et
481 2127 631 2185 traducere
645 2126 756 2184 duriter
769 2144 873 2184 aevum.

220 2230 324 2308 Tuque
338 2230 425 2288 etiam
439 2240 568 2288 nostrum
583 2231 684 2307 poscis,
700 2229 846 2297 Saturum,
861 2249 997 2299 carmen3

181 2334 313 2392 Piscibus
327 2343 394 2410 apta
408 2332 461 2390 tibi
476 2343 544 2391 sunt
558 2354 680 2411 aequora,
694 2343 762 2391 sunt
775 2333 831 2391 tibi
844 2332 944 2411 syluae,

180 2437 345 2514 Fontesque
359 2437 480 2513 irrigui3
502 2456 596 2514 neque
609 2435 689 2495 culta
702 2435 815 2494 novalia
830 2435 956 2507 desunt;

180 2539 212 2597 N
213 2560 245 2598 ec
258 2560 329 2617 gens
343 2540 415 2598 dura
428 2539 533 2609 urbm,
548 2540 654 2598 mentis
667 2540 771 2618 quibus
785 2538 861 2598 alma
874 2540 1004 2617 vigorem

180 2642 307 2701 Indulsit
320 2653 433 2711 natura,
449 2654 479 2701 et
493 2642 574 2700 firmo
588 2664 702 2721 corpore
717 2643 811 2702 finxit.

219 2744 324 2823 Tuque
337 2745 483 2804 canendus
496 2746 562 2813 eris,
576 2746 689 2823 genitor
704 2746 841 2814 Gradive,
855 2747 976 2805 rubenti

179 2848 252 2927 Igne
265 2859 386 2926 potens3
408 2859 442 2907 tu
456 2849 533 2908 bella
546 2850 628 2908 ferox
641 2849 813 2926 lethumque
826 2869 877 2927 per
890 2851 994 2908 orbem

155 3024 166 3043 ι
180 2950 365 3031 Spiculaque,
379 2952 555 3030 gladiusque,
570 2964 656 3030 atque
669 2963 745 3011 artes
759 2952 839 3010 mille
853 2952 980 3012 nocendi

178 3055 339 3133 Dispergis‚
353 3055 406 3113 tibi
421 3076 500 3114 sacra
513 3067 595 3135 parat
606 3057 666 3133 jam
681 3056 761 3114 dirus
774 3057 886 3125 Iberus,

178 3158 382 3236 Auspiciisque
396 3159 455 3216 tuis
469 3159 573 3218 ductus
587 3180 667 3237 spem
681 3160 763 3238 ponit
776 3160 808 3217 in
822 3160 918 3218 armis.

177 3261 221 3321 At
233 3272 278 3332 tu,
292 3282 396 3340 magne
409 3274 501 3341 pater,
517 3263 662 3332 Britonas,
678 3262 889 3342 Britonumque
903 3264 1017 3324 labores

178 3365 323 3444 Respice;
342 3366 424 3445 sique
437 3377 489 3425 tuo
503 3366 637 3436 Henrici,
651 3368 675 3425 si
689 3368 809 3426 numine
823 3367 904 3427 ducti
