2408 4252
350 401 514 442 naciones
527 402 605 442 nom
621 402 665 442 uu
680 400 773 452 usur,
787 401 858 442 nuc.
972 381 1029 440 183

249 959 470 1020 annonas
495 959 602 1017 nonu
628 958 686 1016 nu
711 957 822 1020 Mam
848 942 979 1016 sunu

291 1115 489 1175 AEnnaNAE
516 1115 573 1174 nr
595 1113 915 1174 minucianus,

176 1273 240 1343 To,
255 1275 418 1353 quicunque
431 1275 519 1332 simul
531 1274 684 1333 confundis
697 1274 797 1352 fasque
811 1275 959 1351 nefasque,

175 1377 389 1456 Virtutemque
402 1377 476 1436 nihil
490 1397 598 1446 censeo,
613 1378 667 1436 nisi
681 1398 786 1436 nomen
799 1379 895 1446 inane,

177 1479 223 1538 Ni
238 1489 337 1539 contra
350 1479 428 1558 leges
442 1490 472 1539 et
486 1481 663 1540 consuetudo
676 1481 822 1540 valerent:

179 1581 280 1660 Siquis
294 1582 369 1642 forte
381 1583 446 1652 tibi,
461 1583 548 1662 pleno
560 1604 627 1642 cum
640 1584 683 1642 sol
695 1585 772 1642 uitet
784 1585 862 1653 orbe,
885 1579 890 1586 ’

180 1685 307 1764 Jamque
320 1685 381 1746 dies
395 1686 508 1745 medius
521 1686 589 1773 caelo
602 1685 768 1764 spectabilis
781 1686 841 1746 alto
854 1698 908 1755 est,

181 1790 257 1850 Esse
270 1790 347 1848 diem
360 1790 498 1858 medium,
512 1789 660 1869 solemque
673 1792 766 1850 nitere
779 1802 899 1869 negaret
906 1813 916 1861 ;

181 1893 290 1953 Nonne
302 1894 448 1953 hominem
461 1895 576 1972 egregie
590 1894 771 1954 demirareris
784 1895 926 1972 ineptum,

182 1997 228 2057 Ut
241 1997 347 2056 mentis
360 2018 475 2075 prorsus
488 2018 622 2066 vacuum,
636 2018 795 2057 vacuumve
808 1998 946 2076 pudoris?

183 2100 233 2160 'l'u
246 2112 345 2160 tamen
359 2113 389 2160 et
402 2102 477 2168 vitii,
492 2103 575 2161 fortis
588 2113 726 2179 patronus
740 2113 771 2161 et
784 2122 859 2170 acer,

181 2205 307 2265 Causam
317 2205 398 2283 agis?
414 2216 443 2264 et
452 2225 555 2264 sanum
564 2206 656 2265 credis
664 2217 705 2274 te,
714 2207 865 2284 animoque
871 2205 1035 2265 valentem?

181 2308 346 2367 credideris
359 2307 439 2378 licet,
453 2319 542 2387 atque
555 2308 623 2368 deos
633 2309 715 2385 jures
728 2309 797 2368 licet
811 2328 929 2380 omnes3

183 2412 253 2475 Nou
266 2422 365 2471 tamen
379 2411 493 2480 efficies,
507 2413 579 2491 quin
592 2423 624 2471 te
636 2412 742 2472 vicinia
755 2422 817 2471 tota

183 2513 281 2583 vitet,
295 2515 341 2574 uti
355 2515 474 2576 medicis
487 2526 574 2594 caput
586 2515 746 2574 insanabile
759 2526 885 2574 centum.

223 2617 325 2677 Aurea
337 2639 404 2677 cum
416 2619 518 2697 primis
532 2634 596 2678 acta
609 2632 654 2678 est
667 2619 836 2678 mortalibus
849 2630 926 2689 actas,

183 2721 321 2782 Necdum
334 2721 449 2781 Astraea
462 2723 613 2782 hominum
631 2724 800 2782 commercia
813 2723 929 2800 fugerat
943 2724 1039 2783 insons

183 2824 317 2904 Quisque
331 2825 417 2885 fidem
432 2825 531 2896 coluit,
546 2827 736 2904 manibusque
749 2837 780 2885 et
793 2837 907 2904 pectore
921 2848 1012 2905 purus

185 2928 332 2988 Traduxit
345 2950 465 2988 vacuam
480 2928 587 2988 scelere
601 2941 631 2988 et
646 2929 799 2988 formidine
813 2931 912 2988 vitam.

184 3032 254 3091 Non
268 3033 336 3110 quia
349 3032 459 3091 lictoris
474 3033 567 3111 virgas
581 3053 742 3111 aevumque
755 3033 878 3092 securim

185 3135 347 3214 sanguinei
357 3136 513 3206 extimuit3
533 3137 584 3196 sed
597 3136 727 3196 nondum
740 3136 873 3215 exempla
886 3148 1039 3215 parentum

185 3239 366 3299 Exciderant
380 3240 485 3308 animo,
499 3259 553 3299 nec
566 3240 651 3318 longe
664 3261 681 3298 a
693 3240 774 3298 fonte
787 3249 923 3307 remotus,

185 3344 324 3403 Coenosas
336 3342 452 3402 haurire
465 3341 569 3401 infelix
582 3352 709 3423 coeperat
723 3341 825 3401 undas.
