2408 4252
178 388 238 447 256
367 407 526 447 eumaeus
539 405 846 460 meaiomasmec.

339 844 555 906 EPILOGUS
576 844 877 940 AETHIOPISSAE„

275 1001 340 1060 AD
364 1001 609 1062 TERENTII
636 1002 933 1064 EUNUCHUM.

177 1161 400 1220 Omonmom
412 1160 445 1218 iu
458 1181 554 1231 sexus,
568 1172 665 1221 statua
677 1161 847 1222 taciturnior
860 1162 941 1240 ipsa;

216 1264 259 1323 Et
273 1285 325 1343 pro
336 1284 458 1344 persona
470 1263 608 1324 dramatis
621 1266 724 1324 umbra
737 1266 789 1324 fui.

178 1366 228 1427 Sic
241 1378 340 1427 auctor
352 1367 455 1437 voluit,
469 1367 510 1427 sic
523 1366 606 1427 Afra
619 1368 699 1428 haud
711 1368 851 1428 candidus
864 1368 960 1438 Afer;

217 1471 385 1542 Quamnon
399 1470 576 1535 humanum!
597 1491 684 1549 quam
696 1469 834 1550 populare
846 1491 951 1550 parum
962 1472 969 1528 Ξ

178 1573 261 1646 Quin
274 1574 392 1633 tandem
405 1573 563 1633 adventum
576 1574 665 1644 vobis,
679 1575 784 1633 festiva
797 1595 909 1644 corona,

218 1677 286 1756 Ipsa
298 1677 370 1736 meis
384 1676 478 1736 verbis
490 1676 629 1755 gratulor,
643 1697 692 1736 ore
704 1697 778 1736 meo.

178 1779 349 1859 Spectatum
362 1779 447 1838 venio
458 1801 465 1837 :
487 1780 629 1858 venioque
642 1791 676 1839 ut
690 1789 803 1859 specter
815 1789 845 1839 et
858 1780 922 1859 ipsa
929 1801 941 1851 ;

217 1883 275 1942 Est
287 1882 375 1942 etiam
389 1882 421 1940 in
434 1893 531 1941 nostro
543 1882 638 1942 multa
650 1882 742 1942 colore
755 1882 835 1943 fides.

177 1986 235 2046 Est
248 2007 313 2046 mea
327 1983 366 2059 (si
379 2007 436 2064 qua
448 1985 521 2045 mihi
533 1987 594 2064 est)
608 1986 671 2045 sinc
683 1986 759 2055 fuco,
773 1985 886 2056 fraude,
899 1985 948 2046 vel
960 1996 1024 2054 arte,

216 2088 250 2147 N
250 2088 326 2148 eseia
336 2089 444 2148 mutari
457 2089 558 2159 forma,
571 2088 675 2167 suique
688 2099 785 2148 tenax.

179 2191 347 2270 Unguentia
360 2203 426 2250 utor
439 2191 539 2261 nullis,
552 2191 741 2251 medicamine
754 2190 836 2251 nullo
843 2214 854 2263 3

218 2294 300 2366 Quid
308 2295 404 2373 juvet,
418 2296 527 2372 ignoro,
543 2294 636 2373 Regia
648 2294 743 2354 mellis
757 2315 839 2374 aqua.

178 2398 243 2458 Nec
256 2397 377 2457 maculis
393 2397 509 2457 stellata
521 2397 569 2457 hic
582 2397 776 2476 interspergor
789 2409 821 2458 et
833 2398 896 2459 illic
903 2422 914 2471 ;
936 2472 940 2479 μ

217 2501 287 2560 Non
300 2501 434 2580 equidem
448 2500 531 2579 nigra
543 2501 650 2580 nigrior
664 2521 726 2560 esse
738 2501 836 2561 velim.

177 2603 263 2663 Lotio
276 2602 336 2663 sola
348 2604 421 2662 mihi
434 2614 478 2663 est
492 2603 528 2662 de
541 2625 614 2682 pura
627 2617 658 2664 et
671 2604 802 2682 simplice
815 2604 953 2685 lympha3

217 2706 260 2766 Et
273 2727 382 2776 vereor,
396 2727 484 2786 quam
497 2707 536 2766 sit
548 2728 640 2767 vanus
653 2718 683 2766 et
695 2708 752 2767 iate
765 2707 853 2768 labor.

177 2808 222 2869 At
235 2809 313 2868 nivei
326 2810 398 2868 mihi
412 2819 492 2879 aunt,
506 2811 575 2889 paeti
587 2809 651 2869 sine
663 2810 792 2888 pulvere,
806 2810 930 2884 dentes3

217 2912 313 2984 Quale
326 2933 380 2972 nec
393 2912 532 2972 Indorum
545 2914 647 2992 purius
662 2913 740 2973 albet
753 2914 834 2974 ebur.

178 3014 329 3074 Sideribus
341 3015 451 3075 similes
464 3014 577 3094 fulgere
590 3016 696 3076 videtis
709 3015 822 3087 ocellos,

215 3115 386 3195 Angliacam
400 3128 517 3196 possent
530 3118 580 3197 qui
593 3118 726 3179 decorare
740 3139 856 3180 nurum.

178 3219 336 3279 Mollitiem
348 3219 435 3300 talpae
448 3231 587 3300 superant
600 3241 665 3281 mea
677 3221 773 3281 labra:
794 3223 871 3302 quis,
885 3225 985 3304 ecquis

216 3321 460 3401 Libabit—quam
473 3335 543 3383 sunt
556 3323 654 3384 oscula
666 3324 832 3385 mollicula?
