2408 4252
223 389 283 448 ato
519 412 676 453 nnansan
691 411 782 453 vcno.

228 548 278 607 Ad
292 549 370 608 latus
383 549 540 628 ampullam
554 562 644 628 gesto,
658 551 710 611 sed
723 572 781 611 non
794 553 836 611 ita
849 571 995 630 magnam,

268 652 355 713 Unde
368 655 474 723 bibam,
488 654 603 732 quando
615 655 777 714 siccus-et
792 655 858 714 Irus
871 675 929 714 ero.

229 756 303 816 Peru
316 758 387 814 mibi
401 756 509 835 pendet
523 757 651 835 duplex;
672 757 740 818 salis
753 757 844 816 altera
857 768 965 827 eustoc,
1032 824 1033 830 q

267 859 381 928 Altera,
395 880 459 938 quoe
472 881 576 938 panem
589 872 754 920 servat—et
768 861 834 920 Irus
846 881 903 930 ero.

227 964 328 1040 Longa
340 964 412 1030 mihi
425 964 524 1022 tunica
538 974 592 1033 est,
607 975 637 1023 et
650 965 755 1042 pannis
767 965 879 1034 obsita3
899 964 1064 1042 nympham

269 1067 343 1138 Quae
356 1077 454 1125 tomen
468 1067 616 1126 interdum
630 1068 775 1127 celet—et
790 1067 858 1127 Irus
871 1088 929 1127 ero.

229 1170 347 1228 Insidiis
359 1171 458 1248 procul
471 1180 558 1250 atque
572 1182 663 1240 metu,
678 1171 873 1249 immunisque
885 1169 1002 1249 pericli,

269 1272 306 1330 In
320 1271 392 1330 cella
404 1273 470 1330 vivo
482 1282 636 1332 tutus—et
650 1273 716 1332 Irus
729 1293 786 1332 ero.

229 1375 378 1434 Invidiam
386 1396 481 1454 supra,
495 1376 667 1455 dominoque
679 1377 789 1436 beatior
802 1378 881 1435 omni

268 1477 333 1535 Irus
347 1498 409 1555 ego,
424 1489 454 1537 et
469 1477 595 1556 (regnet,
610 1480 660 1557 qui
674 1479 760 1557 velit)
776 1480 842 1539 Irua
854 1500 911 1538 ero.

596 1695 713 1708 *ιι-

371 1820 372 1824 '
475 1841 688 1904 nnuunan
710 1842 836 1908 voto.

231 2000 288 2058 Bra
302 2011 414 2060 sextam
427 2001 559 2061 clausura
572 2001 650 2060 diem
663 2011 728 2080 post
741 2002 816 2061 festa
830 2001 1005 2062 Decembris

267 2090 394 2163 Lusibus
407 2105 538 2164 innocuis
552 2125 609 2163 nox
623 2105 789 2183 salibusque
802 2105 896 2164 datur.

230 2206 382 2265 Festivum
397 2209 427 2265 in
441 2220 548 2267 ooetum
563 2219 667 2267 coeunt
680 2209 764 2288 pueri
777 2219 864 2286 atque
877 2208 998 2286 puella,

269 2310 311 2369 Ut
325 2332 394 2380 sors,
409 2332 479 2390 quos
491 2333 580 2390 regno
592 2311 728 2379 destinet,
742 2313 804 2391 ipsa
817 2312 903 2389 legat.

231 2414 323 2474 Sortia
337 2415 374 2472 ad
387 2417 538 2474 arbitrium
552 2437 604 2475 rex
618 2426 648 2474 et
661 2416 762 2493 regina
775 2425 918 2481 creantur,

207 2565 209 2577 .
269 2517 337 2590 Quo
349 2520 430 2577 ritu?
452 2520 577 2578 breviter
591 2529 694 2578 cuncta
708 2517 852 2576 docendus
865 2518 931 2577 eris.

204 2600 206 2605 ¹
231 2621 277 2680 De
291 2623 367 2681 farre
381 2632 411 2681 et
424 2624 526 2700 prunis
539 2621 631 2681 libum
645 2623 826 2701 componitur
839 2622 952 2700 ingens,

271 2726 324 2784 Bis
337 2747 388 2784 sex
402 2727 433 2783 in
447 2737 543 2803 partes
557 2725 666 2794 sectile,
681 2727 762 2784 bisve
775 2725 884 2784 decem.

231 2831 375 2898 Convivae,
390 2840 573 2908 quotcunque
587 2829 693 2899 adsint,
707 2850 758 2888 sua
771 2830 864 2913 portio
878 2829 986 2907 cuique
1002 2847 1069 2903 est3

271 2934 384 3011 Cuique
398 2954 482 2991 suum
497 2935 622 3012 assignat
636 2933 730 3011 portio
743 2953 862 3010 quaeque
876 2932 984 2992 locum.

231 3036 356 3094 Credere
368 3037 419 3094 vix
432 3038 549 3114 poteris,
563 3037 613 3114 qui
627 3037 702 3096 risus
716 3037 793 3094 inter
806 3034 964 3106 edendum,

269 3139 343 3211 Quae
356 3160 420 3218 spes
433 3151 602 3218 pertentent
616 3150 741 3218 pectora,
756 3140 842 3217 quive
855 3149 962 3198 metus.

230 3243 295 3301 Rex
308 3243 358 3301 ille
371 3244 401 3301 in
415 3254 539 3310 noctem,
553 3243 653 3320 regina
665 3252 783 3301 vocatur
797 3252 827 3300 et
839 3240 914 3311 illu,¹

268 3347 324 3404 Cui
338 3347 404 3405 faba
417 3347 579 3422 contigerit,
594 3347 803 3424 contigeritque
817 3346 899 3404 cicer.
