2408 4252
178 375 235 434 l98
310 392 398 433 MOLA
411 392 619 432 Juvnu’ruurs
634 392 898 432 nnsuaunaumx.

207 1005 330 1062 lllOLA
351 1004 629 1063 JUVENTUTIS
652 1005 1004 1065 RESTAURATRIX.

180 1163 314 1232 Munus,
329 1163 420 1221 effoeti
433 1168 581 1222 recocaret
594 1174 628 1222 ut
643 1163 758 1224 AEsonis
774 1185 872 1234 annos,

218 1266 370 1325 Diversam
384 1266 537 1325 herbarum
551 1266 631 1326 mille
644 1269 773 1346 poposcit
786 1289 889 1346 opem3

179 1369 370 1448 carminaque
383 1369 551 1447 et'magicas
564 1380 650 1438 artes,
664 1385 819 1448 succosque
832 1381 976 1449 potentes,

217 1472 335 1543 Quosve
347 1492 524 1531 venenorum
540 1471 678 1531 'l'lrcosala
691 1482 769 1532 terra
781 1493 903 1550 parens3

179 1575 260 1646 Quos
275 1575 398 1645 Pindus,
412 1596 482 1653 quos
496 1575 570 1634 Ossa
583 1575 664 1644 tulit,
679 1595 749 1654 quos
764 1575 867 1634 Pelion
880 1576 968 1645 altus,

101 1661 103 1666 Ι
219 1679 371 1758 Quotquot
385 1688 415 1737 et
429 1678 557 1757 Apidani
571 1679 702 1756 gramina
714 1679 777 1757 ripa
789 1677 872 1738 dedit
882 1701 893 1748 3

179 1782 323 1862 Quodque
336 1783 443 1861 triceps
457 1775 571 1841 Hecate
584 1782 696 1850 auxilii,
707 1781 784 1861 quod
797 1782 917 1840 numina
929 1783 1031 1850 noctis,

218 1886 305 1957 Quod
317 1906 466 1945 nemorum
480 1895 613 1964 poterant
627 1884 726 1963 diique
739 1885 857 1962 demque
871 1883 949 1944 dare.
972 1931 974 1933 .

181 1990 239 2049 His
252 1990 340 2049 simul
353 1991 482 2058 incoctis,
495 1990 695 2068 precibusque,
710 1999 740 2047 et
753 1989 879 2046 carmine
892 1988 986 2048 multo
1043 2020 1046 2026 ·

220 2093 315 2172 Sopiti
325 2093 463 2172 jugulum
477 2093 594 2152 discidit
608 2113 676 2152 ense
690 2093 774 2151 senis.

181 2196 307 2274 Sanguis
320 2199 371 2256 ubi
384 2198 504 2265 exierat,
519 2195 608 2254 validi
621 2196 810 2254 medicamine
824 2198 902 2255 succi

220 2299 356 2377 Replevit
370 2304 457 2359 soceri
471 2310 592 2377 guttura
605 2321 676 2358 caesa
688 2319 787 2358 nurus.

180 2404 318 2471 Canities,
332 2404 493 2482 maciesque
507 2403 588 2471 abiit,
601 2402 758 2481 pallorque,
773 2403 915 2481 situsque,

221 2504 369 2583 Plenaque
382 2505 533 2564 luxuriant
545 2507 674 2564 membra
686 2506 783 2583 vigore
796 2526 877 2564 novo.

181 2609 300 2668 Scilicet
313 2610 366 2668 hoc
379 2610 473 2667 visum
487 2620 531 2667 est
544 2609 617 2667 mire
631 2608 749 2668 finxisse
762 2614 871 2688 poetae3

220 2703 264 2770 Te
277 2732 367 2791 penes
380 2722 425 2770 est
439 2711 559 2788 dignum
574 2711 668 2772 dicere
681 2732 772 2771 necne
786 2712 851 2770 fide.
950 2792 951 2796 ἵ

181 2814 334 2885 Quidlibet
347 2812 472 2873 audendi
486 2815 588 2892 pictori
602 2825 646 2874 est
660 2836 741 2893 aequa
754 2826 890 2893 potestas,

185 2987 187 2989 Ι
220 2915 263 2974 Et
276 2915 362 2974 multi
376 2916 485 2994 ingenii
499 2916 619 2976 tradidit
633 2917 683 2976 ille
696 2919 809 2977 molam.

182 3017 296 3076 Clarius
309 3019 470 3090 inventum,
484 3020 619 3096 quoniam
633 3020 699 3098 plus
713 3022 830 3080 exhibet
845 3023 925 3091 artic,

221 3119 323 3194 (Quod
337 3142 404 3180 mox
417 3125 567 3200 agnosces)
581 3123 762 3203 prodigiique
775 3127 880 3186 minus.
924 3122 926 3125 ¹
1030 3112 1032 3119 η

182 3225 305 3283 Ponitur
319 3226 349 3283 in
362 3226 470 3304 campis
486 3224 541 3299 (ito
554 3227 625 3286 lusit
639 3229 761 3288 amabile
774 3231 881 3307 pictor)

220 3329 369 3397 Machina,
382 3329 427 3389 bis
440 3350 532 3399 senos,
547 3331 597 3389 vix
611 3333 716 3402 minus,
732 3333 791 3392 alta
804 3334 902 3411 pedes.
