2408 4252
542 426 660 467 runos.
986 405 1020 463 81

177 563 356 626 vernantem
369 566 400 624 in
413 585 545 645 eampum
559 583 673 624 mecum
687 563 837 635 descende,
852 564 975 642 novique

213 667 343 738 Videris,
356 678 391 728 ut
404 679 502 747 surgat
515 667 649 747 primula,
663 667 738 728 veris
750 667 848 726 honos.

181 769 256 829 Dum
269 771 392 850 populus
406 769 513 831 circum
525 781 623 831 cantat
636 781 789 851 pennatus,
803 771 891 830 amori

215 873 313 946 Quam
326 894 439 935 meeum
453 874 490 934 ad
504 874 635 935 Tuedam
649 874 729 935 lenta
741 894 840 936 resera
853 875 952 953 potes!

183 1079 246 1152 Quo
256 1081 364 1139 minuit
377 1080 482 1151 studio,
496 1100 554 1159 quo
566 1079 666 1156 longos
679 1077 785 1157 decipit
797 1079 903 1138 hores?

215 1183 322 1243 Nonne
335 1183 444 1262 aliquot
457 1195 571 1243 teneras
584 1182 636 1241 lux
649 1202 714 1241 mea
726 1191 822 1241 servet
834 1183 922 1242 oves?

183 1283 287 1346 Nullus
299 1307 349 1346 eas
362 1286 442 1357 felix,
455 1286 555 1346 nullus
567 1285 662 1346 brevis
675 1282 815 1345 abstrahit
828 1304 915 1355 error,

216 1389 297 1450 Dum
310 1389 413 1449 furtim
426 1377 542 1449 somnus
554 1388 666 1448 lumina
678 1386 788 1447 claudit
800 1386 898 1446 herm?

182 1489 331 1551 Murmure
340 1489 470 1569 jucundo
481 1491 598 1550 mollem
609 1489 731 1550 sundere
743 1509 873 1569 soporem

216 1593 250 1652 Si
262 1593 352 1672 possit
364 1593 439 1653 rotis
454 1593 555 1652 Tueda
567 1591 692 1653 secunda
703 1591 796 1663 meis3

181 1693 361 1754 Ambrosiam
374 1695 468 1765 labiis,
482 1696 611 1755 animum
624 1716 688 1774 quae
700 1693 827 1756 muleeat
840 1715 959 1777 regrum,

216 1795 373 1876 Laetusque
387 1807 417 1857 et
430 1797 547 1868 tacitus,
561 1797 731 1876 surripuisse
744 1796 841 1857 velim.

178 2001 323 2082 Vulgares
335 2003 412 2064 inter
426 2004 554 2063 flammas
567 2021 648 2063 meus
661 2003 765 2062 emicat
777 2003 863 2081 ignis,

218 2105 261 2168 Ut
274 2127 416 2186 nusquam
429 2107 521 2165 forma
530 2104 661 2184 nympha
673 2104 711 2165 sit
725 2104 786 2165 ulla
798 2105 877 2185 pari:

177 2207 317 2270 Pluribus
329 2230 347 2268 a
359 2207 477 2288 pulcris,
491 2230 508 2268 a
520 2207 601 2268 mille
614 2217 644 2268 et
658 2207 738 2268 mille
751 2209 891 2278 venustis,

181 2378 185 2385 ,
218 2311 413 2391 Distinguunt
424 2311 515 2372 vitam
528 2311 620 2390 gratio
633 2310 726 2371 multa
739 2331 843 2371 meam.

176 2413 356 2485 Suaviolum,
370 2414 441 2494 quin
454 2415 524 2484 fare,
533 2433 637 2475 meum
644 2435 655 2485 ς
674 2433 740 2493 qum
751 2433 858 2492 pascua
869 2412 991 2484 malunt,

218 2515 283 2578 Aut
295 2517 356 2587 ubi,
369 2518 424 2578 sub
437 2517 532 2577 medio
544 2516 613 2588 sole,
626 2526 770 2595 vagantur
780 2519 870 2577 oves?

175 2619 230 2682 Ad
243 2620 332 2680 'l'avoe
344 2631 473 2681 errantes
485 2640 612 2700 queram
624 2620 740 2679 sinuosa
752 2616 885 2680 fluenta?

219 2724 391 2807 Qureramve
404 2722 441 2784 od
455 2723 565 2784 'lusda
578 2720 749 2785 candidioris
762 2723 886 2800 aqum
