2408 4252
184 397 243 456 260
347 416 506 458 nemaeus
522 416 645 458 unsara
660 418 879 458 onsrn'rnrcrs.

185 556 392 628 concinna'est
404 557 540 625 brevitas,
554 567 588 617 et.
598 576 671 636 pura
680 557 783 627 aratio,
796 556 936 636 quicquid

224 660 329 720 Dicere
343 658 407 717 vult
421 680 517 718 servos
530 660 637 728 fabula,
651 659 790 738 quicquid
802 660 894 718 heros.

185 763 274 831 Simo,
289 783 377 822 senex
392 763 513 841 pulchre
526 763 755 841 cordatus,lenis
768 765 798 821 iu
811 764 853 821 ira
866 774 910 822 est
921 785 931 833 ,·
985 793 989 799 .

224 867 299 925 Cum
313 865 400 934 dolet,
414 875 465 923 aut
478 866 620 943 queritur,
635 885 699 923 cum
713 865 897 943 lacrymatur,
912 865 1004 923 bomo.

185 969 307 1048 Ingenio
315 969 441 1046 juvenis,
457 970 506 1047 qui
521 969 646 1038 numine,
662 968 831 1048 Pamphilus
844 968 933 1037 idem,
974 1011 977 1014 <

224 1072 311 1131 Nulli
323 1073 480 1140 hominum,
495 1072 585 1130 officio
596 1073 644 1131 ,vel
658 1073 777 1150 pietate,
792 1052 881 1130 deest.

184 1177 334 1236 Natumve
348 1186 399 1235 aut
413 1186 525 1254 patrem
536 1176 615 1255 juste
623 1174 809 1254 perpendite,
822 1196 879 1234 non
893 1187 937 1235 est

223 1281 320 1339 Natus
334 1279 491 1347 amabilior,
506 1279 688 1338 candidiorve
701 1291 792 1358 pater.

184 1384 256 1443 Tam
271 1385 344 1442 bene
358 1393 467 1441 morata
481 1392 534 1451 est,
549 1382 642 1440 nitido
656 1393 715 1440 tam
729 1381 815 1460 plena
828 1381 925 1459 lepore

223 1487 345 1555 Andria,
359 1506 445 1564 quam
460 1486 539 1544 vobis
555 1506 609 1543 uox
624 1485 760 1543 hodierna
773 1495 863 1562 parat.

185 1591 246 1647 Nos
259 1589 336 1647 facili
352 1588 454 1665 erigite
468 1590 501 1645 0!
520 1588 589 1656 risu,
604 1588 764 1666 plausuque
778 1588 912 1658 secundo,

224 1692 338 1751 Ludere
351 1692 401 1770 qui
415 1692 523 1771 pariter
536 1690 671 1750 discimus
685 1701 714 1749 et
728 1711 835 1764 sapere.

212 2044 214 2047 ·
251 2033 465 2106 nemaeus
485 2045 652 2104 unsrun
672 2026 970 2110 orasnarur'crav

184 2208 341 2264 Aunreurs
355 2214 462 2282 quanto
476 2203 597 2262 clamore
612 2223 762 2281 puerpera,
777 2203 798 2260 J
799 2224 868 2268 unu¹

221 2309 344 2376 Lucina,
356 2308 409 2366 oh!
429 2307 549 2374 miserae,
563 2307 607 2364 fer
620 2307 702 2376 mihi,
717 2306 802 2375 dixit,
816 2329 909 2386 opem.

183 2413 238 2472 llla
252 2433 304 2491 ego
318 2432 381 2472 sum
395 2410 416 2468 J
417 2409 567 2475 uno-sed
578 2431 635 2467 non
649 2409 685 2468 de
698 2409 783 2488 plebe
796 2412 938 2483 ministra,

221 2515 329 2588 Quales
343 2515 470 2574 Lucinas
482 2511 595 2572 viculus
607 2514 699 2593 amnis
713 2515 810 2574 habet.
854 2527 858 2533 '
886 2544 891 2549 -

182 2617 235 2676 Nil
250 2616 348 2695 loquar
362 2617 518 2696 impurum,
533 2614 580 2686 vel
593 2617 706 2704 subnuo
718 2619 851 2697 turpius3
872 2620 929 2680 ista

221 2714 365 2798 Vulgares
379 2721 497 2789 animos,
512 2719 725 2802 degeneresque
734 2722 849 2800 juvent.

181 2824 290 2884 Oscula
303 2822 441 2901 siquando
453 2823 629 2901 permittam,
644 2823 765 2884 admitto
777 2827 900 2904 pudice;

146 2964 150 2969 -
221 2928 263 2986 Ut
277 2927 360 2986 decet
373 2927 513 3014 humanas
526 2927 723 3005 ingenuasque
736 2949 835 2989 nurus.

180 3033 212 3090 Si
226 3030 297 3110 quid
310 3031 385 3095 forte
397 3030 502 3098 bibam,
517 3030 637 3108 cyathus
651 3031 722 3090 mihi
736 3034 841 3093 sufficit
855 3056 953 3106 unus,¹

218 3133 326 3192 Pollice
340 3132 389 3190 vix
402 3130 615 3209 majon—Fors
629 3115 782 3213 aliquando
796 3136 861 3196 duo.

178 3237 321 3321 lncolumi
333 3245 426 3294 matre
440 3245 470 3293 et
481 3236 569 3307 salva,
585 3259 649 3298 mea
662 3240 791 3318 proxima
805 3263 873 3301 cura
886 3255 933 3304 est
965 3283 970 3290 ·

212 3336 364 3400 infantem
378 3339 484 3419 primis·
493 3342 621 3400 vestibus
636 3338 764 3402 induere.
