2408 4252
357 438 517 477 mannaan
533 439 773 490 ramosarum,
790 440 860 479 nnc.
982 421 1038 491 179

174 574 287 634 Rubris
301 577 449 636 consuitur
463 578 584 656 pannis3
606 579 663 638 fors
677 580 790 638 texitur
803 600 890 648 auro;

219 677 272 736 Bis
284 689 367 737 sexta
380 679 417 738 ad
430 700 574 739 summum
589 683 694 760 pagina
708 683 818 742 claudit
830 703 912 762 opus.

175 780 233 838 Nil
247 782 333 841 habet
346 803 363 841 a
376 793 458 861 tergo
471 783 589 843 titulive
602 796 653 844 aut
667 787 791 849 nominis
801 809 811 856 ;
831 787 912 845 intus

219 883 381 946 Thesauros
395 887 466 946 artis
479 898 587 956 servat,
601 900 631 947 et
645 888 725 947 intus
739 909 823 967 opes:

176 987 266 1047 Intus
279 1009 356 1068 opes,
370 1010 441 1068 quas
451 991 584 1069 nympha
596 992 663 1049 sinu
676 991 870 1070 pulcherrima
883 1000 987 1068 gestet,

219 1092 300 1162 Quas
313 1094 381 1152 nive
394 1092 541 1153 candidior
555 1103 660 1152 tractet
674 1104 809 1171 ametque
822 1113 934 1152 manus.

177 1194 305 1266 Quando
318 1196 544 1255 instrumentum
558 1217 684 1274 praesens
698 1196 751 1255 sibi
765 1196 893 1275 postulat
906 1216 986 1264 usus,

218 1299 365 1376 Majusve,
379 1311 441 1368 aut,
454 1300 549 1378 operis
563 1321 614 1379 pro
627 1301 748 1368 ratione,
762 1300 868 1358 minus.

178 1403 222 1462 Et
237 1423 342 1482 genere
356 1414 386 1462 et
399 1403 516 1462 modulo
530 1403 642 1462 diversa
655 1403 743 1462 habet
757 1423 845 1471 arma,
859 1402 1004 1481 gradatim

220 1506 353 1585 Digesta,
368 1506 405 1565 ad
418 1527 552 1566 numeros
566 1517 717 1566 attenuata
731 1528 813 1566 suos:

180 1609 314 1668 Primum
330 1609 493 1668 Euchiridii
506 1609 609 1668 folium
624 1610 785 1687 majuscula
799 1610 919 1688 profert,

220 1712 338 1783 Qualia,
352 1706 415 1791 quae
428 1712 515 1772 blaeso
528 1722 572 1772 est
587 1713 707 1784 lumine,
721 1724 819 1793 poscat
832 1734 914 1772 anus.

180 1814 268 1887 Quod
282 1816 412 1893 sequitur
425 1816 536 1885 folium,
552 1817 690 1876 matronis
704 1838 783 1876 arma
796 1817 952 1886 ministrat,

221 1919 327 1978 Dicere
340 1939 404 1997 quae
418 1920 530 1997 magnis
543 1919 716 1999 proximiora
729 1919 807 1978 licet.

182 2023 327 2092 Tertium,
341 2024 412 2082 item
426 2033 571 2101 quartum,
587 2024 780 2102 quintumque
793 2023 956 2082 minuscula
969 2044 1037 2103 sup·

223 2127 284 2187 Sed
297 2147 354 2186 uon
367 2127 496 2205 ejusdem
510 2127 625 2206 singulo
638 2147 759 2206 quaeque
772 2127 835 2186 loci.
946 2125 1014 2206 [ple
1028 2171 1038 2197 ,

182 2231 331 2310 Disposita
342 2231 490 2290 ordinibus
504 2231 599 2299 certis,
614 2230 780 2289 discrimina
793 2240 928 2301 servant;

221 2332 296 2405 Quae
309 2334 363 2392 sibi
378 2334 559 2401 conveniant,
574 2333 677 2410 seligat
691 2333 769 2393 unde
782 2354 882 2416 nurus.

183 2436 296 2496 Ultima
307 2458 372 2516 quae
384 2447 505 2506 restant,
520 2458 584 2514 quoe
597 2437 691 2496 multa
704 2437 850 2497 minutula
864 2438 991 2516 nympha

222 2541 313 2609 Dicit,
327 2551 396 2600 sunt
410 2541 486 2600 sexti
499 2541 609 2600 divitia
624 2540 695 2599 folii.

184 2643 334 2716 Quantillo
347 2645 379 2703 in
391 2645 483 2723 spatio
497 2644 627 2703 doctrina
639 2645 673 2703 o!
694 2655 804 2722 quanta
817 2643 947 2703 latescit!

221 2747 321 2820 Quam
333 2758 432 2808 tamen
445 2748 593 2807 obscuram
607 2750 656 2806 vix
669 2748 812 2806 brevitate
827 2767 917 2806 voces.

185 2851 251 2910 Non
265 2861 311 2911 est
323 2851 475 2929 interpres,
491 2872 548 2910 non
562 2851 784 2910 commentarius
797 2849 884 2918 ullus,

221 2955 286 3014 Aut
299 2955 407 3024 index;
428 2966 488 3014 tam
502 2965 570 3014 sunt
583 2955 679 3013 omnia
693 2955 854 3032 perspicua.

186 3057 310 3119 AEtatem
324 3057 517 3144 ad'quamvis
532 3058 570 3118 ad
583 3072 700 3137 captum
713 3059 755 3116 ita
769 3057 889 3135 fingitur
903 3077 1027 3126 omnem,

223 3162 264 3222 Ut
278 3163 352 3221 nihil
364 3162 466 3222 auxilii
479 3162 607 3241 postulet
619 3163 688 3220 inde
701 3160 783 3220 liber.

188 3267 281 3326 Millia
293 3267 431 3327 librorum
445 3278 579 3326 numerat
593 3266 749 3345 perplura;
771 3286 824 3325 nec
838 3264 931 3323 ullum

226 3370 333 3430 Bodlaei
347 3371 415 3429 hnic
425 3371 516 3448 jactat
532 3370 712 3430 Bibliotheca
725 3389 832 3448 parem.

742 3492 764 3530 n
779 3472 798 3528 2
