2408 4252
490 423 629 464 nonsonr
645 423 720 464 unx.
976 404 1033 473 157

175 563 234 622 Ille
247 564 415 642 indignatur
429 564 515 631 vinei,
531 584 683 640 morsuque
697 561 801 621 labella

176 667 392 746 compressam,
406 667 561 744 horretque
574 667 671 734 comis,
686 686 850 743 mensaeque
864 665 988 724 ferocem

175 769 320 848 Impingit
334 790 474 849 pugnum,
490 769 629 828 damnans
643 771 814 847 chartasque
828 768 961 847 deosque.

176 873 330 952 Improbus
343 874 456 932 interea
468 872 559 932 victor
573 873 704 932 subridet
718 874 861 951 ineptum,
875 917 876 922 κ

176 977 221 1036 Et
234 977 371 1035 miserum
386 975 484 1034 illudit
497 977 617 1045 vietum,
631 976 796 1053 fruiturque
809 974 965 1053 triumpho.

177 1080 302 1138 Innixus
315 1080 422 1148 cubito,
433 1081 520 1158 juxta
533 1089 619 1157 caput
631 1079 790 1158 interponit

177 1183 267 1242 Naris
280 1184 365 1242 homo
378 1193 530 1251 emuncta,
545 1183 619 1241 bene
632 1182 683 1260 qui
696 1192 787 1240 totam
801 1181 914 1241 subolet
927 1201 998 1250 rem,
1105 1245 1108 1258 ¹

178 1284 316 1344 Fortunae
329 1284 472 1362 calletque
485 1286 571 1355 vices,
585 1285 728 1364 vultuque
742 1285 853 1363 loquaci
876 1277 882 1291 ⁴

179 1387 229 1447 sic
241 1389 356 1448 tristem
369 1389 501 1446 hortatur
515 1388 641 1458 socium;
664 1388 799 1460 Quando,
813 1388 919 1466 inquit,
933 1388 1033 1455 amice,

179 1491 249 1552 Sese
263 1493 305 1550 ita
316 1511 362 1551 res
375 1492 490 1559 habeat,
505 1492 612 1550 frustra
624 1491 779 1551 emendare
791 1492 938 1570 querendo

179 1594 339 1654 Fortunam
353 1614 459 1673 speras,
475 1595 648 1672 inimicaque
661 1596 722 1653 fata
734 1595 866 1654 lacessis:

178 1698 226 1757 Ira
239 1709 324 1757 nocet
336 1698 476 1776 nimiique
490 1698 589 1767 animi,
604 1718 728 1776 namque
741 1699 834 1758 acrius
848 1720 929 1778 aequo

177 1799 339 1859 Adversum
353 1800 500 1859 fortunam
513 1820 608 1878 urges,
623 1802 768 1879 nimioque
781 1803 877 1861 furore

178 1901 268 1981 Spem
282 1903 363 1981 luges
376 1903 544 1981 deceptam:
566 1915 595 1962 at
609 1915 653 1973 tu,
668 1925 714 1963 me
724 1905 833 1983 judice,
847 1907 933 1965 rebus

179 2007 243 2066 Nec
257 2007 353 2066 dubiis
366 2006 464 2066 diffide
478 2008 573 2077 nimis,
588 2029 642 2067 nec
657 2009 741 2068 crede
753 2009 895 2068 secundis.

446 2667 642 2726 HOBSONI
663 2667 760 2726 LEX,

175 2825 379 2883 Cournnnns
394 2821 460 2898 (ita,
475 2825 596 2895 Granta,
610 2827 715 2902 refers)
730 2826 888 2885 Hobsonus
902 2828 996 2886 alebat

216 2927 254 2985 In
268 2927 382 3006 stabulo
395 2927 488 3006 longo,
504 2949 575 3007 quos
588 2928 728 2998 locitaret,
743 2949 849 3008 equos;

177 3031 245 3090 Hac
258 3032 332 3109 lege,
348 3042 382 3090 ut
396 3031 505 3090 foribus
518 3042 609 3091 staret
622 3033 672 3109 qui
686 3033 842 3110 proximus,
857 3032 907 3091 illc

216 3133 384 3213 susciperet
397 3135 514 3214 primas,
529 3135 606 3194 solus
621 3146 651 3194 et
664 3135 724 3203 ille,
737 3135 824 3195 vices.

174 3238 243 3297 Aut
255 3238 343 3307 hune,
358 3249 410 3298 aut
423 3238 630 3297 nullum-sua
642 3259 708 3316 pars
721 3239 758 3297 sit
771 3240 875 3317 cuique
888 3240 1010 3309 laberis;

215 3339 282 3400 Aut
295 3341 382 3409 hunc,
397 3352 448 3400 aut
461 3341 654 3400 nullum-sit
668 3362 720 3401 sua
732 3343 836 3420 cuique
849 3343 939 3420 quies.
