2408 4252
177 363 233 434 170
356 366 361 373 ’
427 383 607 423 crarannn
622 383 780 424 nasrcnn.

374 770 586 830 VICTORIA
611 770 835 830 FORENSIS.

178 930 259 988 Caro
272 950 338 988 eum
353 928 433 989 Titio
446 929 482 988 lis
495 940 525 990 et
539 930 655 989 vexatio
667 929 752 1008 longa

219 1032 296 1092 Sunt
310 1033 346 1092 de
361 1033 448 1092 vicini
461 1034 638 1113 proprietate
652 1032 714 1092 soli.

179 1136 317 1196 Protinus
331 1137 465 1214 ingentes
479 1138 588 1196 animes
601 1139 632 1195 in
643 1137 741 1218 jurgia
754 1146 875 1201 sumunt

219 1239 351 1318 Utraque
364 1239 499 1298 vincendi
512 1261 578 1319 pars
591 1240 720 1304 studiosa
733 1241 828 1299 nimia.

180 1343 231 1402 Lis
245 1353 341 1402 tumet
355 1343 386 1400 in
400 1343 560 1412 schedulas,
575 1355 606 1403 et
616 1344 676 1420 jam
691 1344 844 1414 verbosior,
858 1353 890 1403 et
900 1344 979 1422 jam:
1019 1356 1025 1364 ‘

220 1446 253 1504 N
254 1467 287 1505 ec
300 1447 420 1505 verbum
433 1446 554 1524 quodvis
567 1466 629 1507 asse
643 1447 761 1507 minoris
775 1458 887 1506 emunt.

182 1549 364 1608 Praetereunt
378 1569 503 1618 menses„
517 1559 547 1608 et
560 1549 703 1609 terminus
716 1550 790 1609 alter
803 1560 834 1608 et
847 1549 939 1620 alter;

223 1653 355 1732 Quisque
368 1673 454 1712 noves
468 1664 611 1731 sumptae,
626 1652 699 1712 alter
712 1663 743 1711 et
756 1651 839 1721 alter,
853 1652 971 1711 habent.

183 1757 239 1816 Ille
253 1778 385 1837 querens,
400 1757 447 1815 hic
461 1756 636 1835 respondens
649 1756 796 1835 pendente
810 1765 928 1814 vocatur

223 1862 309 1931 Lite3
331 1861 390 1929 sed,
405 1861 542 1919 adfinem
557 1859 626 1928 litis,
642 1871 764 1938 uterque
778 1878 910 1937 querens.

375 2429 620 2488 CERTAMEN
642 2429 856 2488 MUSICUM.

189 2591 277 2648 Oeno
290 2600 370 2649 trans
385 2588 675 2670 Tamisinoeampanis
689 2587 754 2646 diva
768 2587 887 2658 Maria,-

228 2695 278 2753 Cis
294 2693 424 2752 Tamisin
437 2693 482 2753 bis
496 2713 547 2752 sex
561 2693 627 2751 diva
642 2693 777 2770 Brigetta
789 2702 882 2751 sonat.

190 2798 263 2857 Haee
275 2808 380 2857 tenues
392 2809 478 2875 urget
492 2797 622 2856 modulos
635 2797 837 2876 properantius
851 2797 936 2865 oedes,

162 2879 166 2888 ⁸
228 2902 367 2960 Alternat
380 2901 502 2979 grandes
515 2900 625 2960 lentius
639 2900 689 2959 illa
702 2900 808 2958 modos.

189 3007 222 3065 N
223 3027 256 3065 ee
268 3005 333 3084 quis
345 3005 376 3063 in
390 3005 530 3064 alterutro
543 3005 703 3082 distinguat
716 3004 814 3062 littere
824 3003 928 3081 judex,

229 3109 280 3168 An
293 3109 384 3186 magis
396 3109 457 3168 haec
470 3130 569 3168 aurem
582 3118 689 3187 captet,
704 3106 805 3165 anilla
818 3107 920 3184 magis.

192 3215 295 3274 Tantae
308 3223 352 3272 est
365 3213 520 3271 harmoniae
533 3212 680 3271 cententio
692 3211 801 3269 musica
812 3232 822 3280 3
842 3211 933 3270 turris

230 3317 334 3376 Altera
348 3336 414 3374 curn
427 3335 569 3385 numero&
584 3315 675 3374 altera
686 3314 800 3394 pondus
812 3314 909 3374 habet.
