2408 4252
390 438 393 443 ,
414 401 576 442 muocmss
591 399 796 439 rnmnunrx.
973 378 1031 436 225

177 540 324 599 Continuo
335 539 433 618 platea
451 541 623 599 ‘Miserere'
640 539 759 598 auditur
772 540 803 596 in
817 539 913 607 omni;

215 632 303 715 Quod
316 644 398 722 pueri
413 644 602 721 ingeminant,
616 643 854 721 ingeminantque
868 661 959 700 senes.

174 747 347 826 Lymphatis
361 747 470 806 similes
484 747 650 806 discurrunt
664 747 793 825 undique
807 746 961 825 nymphn;

215 850 347 910 Occultae
360 851 391 908 in
405 850 478 909 cella
491 871 605 929 quaque
618 862 773 930 precantur
787 871 868 910 anus.

175 955 293 1014 Interea
306 965 493 1024 astronomus,
508 955 625 1032 specula
638 957 801 1015 observator
815 956 845 1013 in
859 954 927 1024 alta,

216 1057 328 1117 Rerum
340 1058 401 1116 hoec
415 1078 515 1117 securo
527 1068 642 1136 pectore
656 1069 783 1117 monstra
796 1059 893 1118 videt:

176 1160 295 1221 Scilicet
307 1162 369 1220 haeo
381 1160 500 1240 longum
513 1171 701 1239 praesenserat
713 1161 763 1220 ille
777 1163 894 1222 futura:

217 1265 253 1322 In
266 1275 383 1324 tantum
397 1264 507 1326 distant
521 1265 625 1343 vulgus
638 1275 669 1323 et
683 1276 869 1324 astronomus.

342 1635 568 1696 INNOCENS
590 1633 864 1694 PRAEDATRIX.

176 1793 310 1852 Sanum
324 1815 375 1873 per
389 1815 511 1872 campos,
528 1794 608 1852 nullo
621 1794 733 1853 defessa
746 1792 851 1861 labore,

216 1897 252 1955 In
266 1897 338 1957 cella
350 1909 384 1957 ut
398 1899 486 1977 stipet
500 1895 597 1967 mella,
612 1907 734 1975 vagetur
748 1896 826 1974 apis:
852 1931 857 1941 ·

176 2000 361 2080 Purpureum
374 2001 423 2060 vix
438 2001 536 2060 florem
549 2002 645 2079 opifex
659 1999 841 2079 praetervolat
856 2020 957 2068 unum,

216 2105 385 2164 Innumeras
398 2106 475 2164 inter
488 2125 559 2183 quas
573 2103 624 2164 alit
638 2105 739 2163 hortus
752 2124 839 2182 opes;

176 2208 311 2268 Herbula
323 2209 477 2286 gramineis
491 2208 540 2266 vix
554 2228 613 2266 una
626 2208 784 2266 innascitur
798 2207 883 2286 agris,

216 2311 357 2371 Thesauri
371 2311 448 2371 unde
462 2311 571 2390 aliquid
584 2331 642 2368 non
656 2310 784 2369 studiosa
797 2310 877 2387 legit.

176 2415 206 2474 A
220 2415 288 2475 flore
301 2415 339 2474 ad
352 2416 450 2475 florem
463 2415 578 2481 transit,
592 2414 728 2493 mollique
742 2413 863 2473 volando

216 2518 335 2578 Delibat
348 2528 429 2578 tactu
443 2539 530 2578 suave
544 2517 620 2597 quod
632 2517 713 2577 intus
726 2518 844 2576 habent.

175 2619 284 2679 Omnia
298 2619 415 2689 delibat,
429 2641 514 2700 parce
528 2619 580 2679 sed
593 2631 622 2680 et
636 2620 740 2688 omnia,
755 2621 828 2679 furti

216 2722 258 2781 Ut
272 2722 369 2782 nevel
382 2723 534 2782 minimum
548 2723 654 2782 videris
667 2723 816 2782 indicium.

174 2824 284 2883 Omnia
296 2824 430 2903 degustat
443 2836 504 2884 tam
517 2846 613 2904 parce,
627 2836 661 2884 ut
674 2826 768 2903 gratia
781 2826 862 2886 nulla

215 2928 359 2998 Floribus,
374 2940 408 2988 ut
422 2928 519 2988 nullus
534 2928 713 2988 diminuatur
726 2929 802 2989 odor.

174 3034 207 3091 N
208 3054 244 3092 on
256 3034 300 3095 ita
313 3033 478 3110 predantur
491 3033 601 3092 modice
614 3032 773 3111 bruchique
787 3045 817 3092 et
831 3054 940 3104 erucae;

214 3137 293 3206 Non,
308 3137 364 3196 ista
377 3137 524 3196 hortorum
537 3136 661 3195 maxima
675 3137 774 3214 pestis,
788 3157 871 3196 aves:

174 3241 206 3299 N
207 3262 243 3299 on
256 3242 298 3300 ita
311 3251 438 3319 raptores
451 3241 537 3309 corvi,
551 3260 673 3318 quorum
687 3239 815 3318 improba
828 3251 919 3300 rostra

215 3344 385 3424 Despoliant
398 3365 480 3422 agros
492 3343 690 3430 effodiuntque
703 3353 774 3402 sata.

771 3466 791 3512 Q
