2408 4252
524 407 680 449 novnncn.
972 389 1028 448 155

172 546 242 605 Jam
256 568 360 616 caram,
375 560 404 607 et
418 567 552 626 pratens,
567 549 708 627 ipsissima
721 548 794 606 vivit
808 548 920 625 imag03

213 649 280 709 Oh!
300 663 441 729 quantum
455 652 546 730 pietas
560 652 706 728 ingeniosa
718 654 831 730 potest!

173 754 246 813 Noli
260 753 338 812 ultra
351 775 448 824 savos,
463 776 538 813 mora
551 776 577 823 ο,
588 756 698 833 jactare
711 756 872 833 triumphos
883 778 892 825 ;

214 858 327 918 Caetera
339 859 389 936 qui
404 859 502 927 vincit,
518 873 547 916 te
562 879 674 936 quoque
688 859 777 918 vincit
792 880 878 917 amor.

495 1519 714 1579 NOVARCA.

178 1678 274 1735 Pacis
287 1697 386 1736 amans
400 1678 520 1737 Carolus
533 1678 630 1755 regale
643 1677 761 1737 excudit
775 1679 806 1736 in
819 1700 888 1738 auro

217 1780 338 1850 Votum,
352 1801 439 1860 quam
452 1781 551 1861 populi
565 1781 603 1841 ait
617 1782 672 1841 sibi
685 1802 750 1840 cara
762 1782 848 1841 salus.

177 1884 284 1943 Omnia
297 1884 429 1944 concordi
442 1885 564 1964 spondet
578 1885 673 1944 felicia
686 1906 784 1964 regno,

216 1987 316 2046 Unitae
328 1998 363 2046 ut
376 1998 515 2058 crescant,
529 1999 560 2048 et
572 1990 757 2066 geminentur
770 2010 847 2068 opes.

178 2090 314 2149 Frustra!
336 2092 453 2150 inimica
465 2092 521 2171 piis
534 2093 628 2152 obstat
642 2092 782 2152 discordia
794 2095 878 2165 votis,

216 2194 330 2253 Irarum
343 2206 373 2255 et
387 2195 487 2255 multae
501 2195 590 2255 cladis
603 2197 702 2274 iniqua
714 2217 826 2274 parens.

177 2297 324 2365 Informis,
337 2317 457 2377 pauper,
472 2298 643 2377 lamellaqne
656 2301 775 2369 ahenea,
788 2321 894 2370 rerum,

216 2401 341 2471 Iudicat,
354 2413 389 2462 ut
402 2404 490 2462 facies
503 2413 606 2462 moeata
619 2404 667 2472 sit,
682 2415 716 2462 nt
730 2405 769 2463 sit
783 2406 873 2483 inops.

177 2505 235 2565 Pro
249 2504 344 2564 Caroli
358 2506 463 2575 titulis,
478 2526 529 2585 pro
543 2506 628 2566 vultu
641 2517 671 2565 et
685 2509 810 2585 imagine
823 2527 910 2578 mera,

217 2609 312 2667 Unica
324 2620 383 2668 stat
396 2610 507 2669 maeatis
520 2610 599 2668 nuda
612 2610 644 2667 N
645 2630 746 2669 ovarca
759 2611 844 2670 notis.

176 2712 280 2772 Fatale
293 2713 477 2790 exemplum!
499 2712 595 2772 Caroli
609 2712 686 2790 quad
699 2723 765 2772 vota
779 2713 890 2781 docere,

214 2816 325 2895 Anglia
337 2816 414 2895 qnod
427 2817 539 2895 nequiit
553 2816 641 2884 salva,
656 2816 688 2873 N
688 2836 797 2885 ovarca,
810 2817 902 2876 doces.
