2408 4252
182 409 237 467 150
445 429 526 468 trun
540 429 606 469 nnn
620 428 766 468 rameru.

180 566 321 625 Chelseiae
334 578 472 646 apparent
487 569 590 646 apices,
605 578 774 646 poteratque
787 567 878 626 videri

180 670 290 747 Regale
304 671 475 749 hospitium:
498 671 627 730 veterani
641 671 688 729 hic
702 671 760 729 otia
773 679 855 747 grata

180 773 328 833 Exercent
342 775 410 841 tuti,
424 785 454 833 et
467 792 566 832 secura
580 775 610 831 in
624 795 693 852 pace
706 784 869 833 senescunt.
972 816 979 830 .

181 875 252 934 Mox
268 876 315 933 ubi
330 876 408 934 nuda
422 875 509 954 pedes
522 887 551 935 et
567 897 624 935 non
637 876 796 955 improvida
809 877 895 935 turba

179 976 348 1054 Dispersum
362 978 393 1035 in
405 978 508 1037 mediis
521 981 671 1038 carbonem
685 978 793 1057 colligit
807 978 903 1047 undis,

178 1081 339 1158 Coeperunt
353 1081 457 1140 fluctus
471 1082 623 1141 salientem
636 1081 768 1142 attollere
781 1102 911 1161 proram;

180 1185 341 1262 Naufragio
354 1185 469 1244 infamis
483 1185 561 1244 locus
574 1187 621 1243 hic
635 1186 769 1264 undaque
783 1186 909 1244 furente.

179 1287 340 1347 Arboreum
355 1289 473 1348 tandem
487 1289 585 1348 lucum
600 1290 768 1368 sylvamque
780 1288 913 1347 videmus

179 1392 339 1451 Ordinibus
353 1392 493 1452 celebrem
508 1394 603 1461 variis,
618 1393 668 1452 ubi
682 1392 796 1451 densior
810 1391 869 1449 ilex

179 1496 310 1555 Occursu
324 1496 409 1555 viridi
423 1496 525 1553 nimios
539 1496 695 1554 defendere
709 1494 781 1553 soles

179 1598 250 1658 Rite
263 1609 361 1676 queat,
373 1599 491 1674 junctas
504 1598 591 1656 ramis
605 1591 778 1657 sociantibus
791 1597 916 1656 umbras.

180 1700 252 1760 Hoec
266 1702 348 1761 sedes
361 1701 429 1761 olim
444 1702 525 1760 savis
538 1701 614 1760 male
627 1712 696 1761 nota
709 1696 830 1760 duellis:

178 1805 210 1861 N
211 1825 244 1864 ec
257 1816 352 1864 tantas
365 1802 456 1864 nistis
469 1804 574 1863 diffuso
587 1805 726 1883 sanguine
740 1805 830 1864 caedes

178 1908 249 1977 Vos,
264 1909 367 1987 campi,
383 1908 484 1968 domus
498 1919 541 1967 est
555 1929 612 1986 qna
626 1910 808 1978 Montacuta,
822 1919 968 1987 patentes,

176 2013 276 2072 Laesus
288 2014 377 2072 honor
390 2006 530 2090 siquando
542 2013 668 2071 fremens
681 2013 832 2092 opprobria
844 2014 920 2072 ferre
992 2019 995 2024 '

177 2116 308 2186 Nesciat,
323 2127 374 2175 aut
387 2115 488 2174 furiosi
503 2117 591 2174 animi
600 2116 793 2194 implacabilis
806 2116 897 2175 ardor.

178 2220 338 2278 Confestim
352 2220 464 2278 ultricis
477 2230 575 2297 poscat
589 2220 746 2278 certamina
758 2240 864 2299 pugnae

178 2322 347 2402 Impatiens,
362 2323 512 2400 solumque
526 2322 597 2381 velit
611 2323 665 2381 sibi
678 2322 783 2382 damna
794 2324 915 2403 rependi
976 2313 979 2317 ἢ

179 2426 286 2484 Martis
300 2424 336 2484 ad
350 2426 517 2484 arbitrium:
539 2426 590 2484 sed
603 2446 656 2485 nec
664 2428 848 2505 'pugnacibus
861 2439 938 2506 aptae

178 2529 235 2588 Hae
248 2540 376 2598 tanturn,
388 2540 440 2588 aut
454 2529 528 2589 lethi
542 2511 608 2588 solis
622 2531 785 2590 horroribus
798 2532 907 2591 umbrae

178 2634 330 2712 Insignes,·
351 2633 462 2712 epulas,
476 2635 558 2713 queis
571 2645 640 2694 sunt
654 2635 784 2694 convivia
796 2655 881 2704 curae,

178 2738 344 2796 Nocturnas
357 2737 415 2796 huc
427 2758 502 2815 sape
516 2737 632 2808 ferunt;
654 2738 711 2797 huc
724 2759 799 2816 sape
812 2759 864 2818 per
878 2740 972 2800 undas

180 2840 299 2919 Delapsi
314 2840 449 2918 placidas,
464 2843 545 2901 venti
559 2862 623 2902 cum
637 2843 755 2919 ponitur
768 2843 820 2912 ira,

179 2943 338 3003 Harmonia
351 2945 497 3003 oblectant
511 2944 645 3014 Tamum,
660 2947 859 3024 nymphasque
873 2966 1020 3025 sequaces,
1069 2978 1073 2983 ·

96 3066 102 3076 ·
179 3046 303 3107 Advecti
316 3048 411 3108 tacitae
424 3069 475 3126 per
488 3050 599 3108 conscia
612 3050 722 3108 lumina
735 3050 821 3109 lunae.
