2408 4252
179 383 238 440 226
386 403 544 442 vaesanas
563 402 743 454 rnmoann,
759 403 828 442 nno.

180 540 286 599 Succos
300 542 463 601 immiscens
477 542 578 609 auceia,
593 543 635 600 ita
648 543 775 601 suaviter
788 562 888 600 omnes

219 644 386 723 Temperat,
401 656 435 704 ut
449 645 563 704 dederit
577 645 699 724 Chymia
713 645 794 704 nulla
807 665 899 723 pares.

179 748 241 806 Vix
255 749 368 807 furtum
382 759 426 808 est
440 748 524 818 illud,
538 749 633 808 dicive
646 750 753 827 injuria
766 748 862 818 debet,

218 851 306 923 Quod
320 873 385 911 cera
399 864 429 911 et
442 853 535 911 multo
548 852 635 911 melle
648 852 782 930 rependit
796 853 867 930 apis.

186 1336 352 1393 IGNAVUM,
370 1337 482 1391 FUCOS,
500 1337 600 1379 PBCUS
616 1338 636 1378 Α
654 1335 862 1379 PRAESEPIBUS
879 1335 1025 1378 ARCENT.

180 1479 251 1536 Pnn
267 1480 409 1539 Batavirm
423 1481 535 1560 plateas
550 1481 614 1555 (ita,
629 1501 700 1558 gens
714 1460 839 1558 operosa,
853 1481 978 1557 cavetis)

218 1585 373 1644 Mendicus
387 1605 481 1654 nemo,
495 1605 580 1644 nemo
593 1595 714 1663 vagatur
727 1585 813 1642 iners.

179 1689 210 1745 N
211 1709 248 1747 on
259 1709 358 1756 caecus,
367 1708 424 1746 non
434 1687 554 1746 claudus
564 1688 659 1756 iners;
678 1687 762 1745 modo
775 1687 834 1745 sint
844 1686 909 1754 tibi,
921 1685 1029 1754 alaude,

218 1791 277 1862 Qui
292 1791 412 1868 prosint,
427 1791 520 1859 oculi3
542 1791 601 1848 sint
614 1790 680 1858 tibi,
695 1810 778 1858 caece,
792 1808 904 1847 manua.

181 1894 249 1953 Non
263 1914 381 1972 operum
396 1893 533 1951 immunis
549 1913 620 1971 puer
634 1903 688 1960 est,
703 1912 760 1950 non
773 1889 908 1970 grandior
921 1911 980 1950 aevo
987 1911 997 1959 ;

219 1997 278 2055 Sed
291 2016 343 2055 sua
356 2007 435 2054 stant
448 2016 547 2073 puero,
563 2005 642 2054 stant
656 2016 707 2053 sua
720 2014 809 2072 pensa
822 1993 895 2051 seni.

178 2100 206 2158 O
220 2101 346 2178 prudens
360 2099 507 2157 hominum
522 2098 700 2177 respublica!
722 2098 801 2155 natio
814 2107 920 2165 vestra,

216 2205 252 2262 In
266 2205 484 2281 terrisusquam
499 2203 523 2260 si
538 2204 602 2270 siet,
619 2202 727 2280 Utopia
741 2211 793 2259 est.

323 2566 572 2625 PASSERES
602 2562 884 2632 INDIGENAE3

452 2742 542 2781 cont.
558 2742 649 2780 narn.
665 2739 758 2780 cana.

407 2879 801 2939 COMMENSALES.

177 3041 297 3098 Imaona
311 3040 360 3118 qui
375 3037 450 3098 ndrit
464 3038 555 3107 sedes,
571 3049 622 3096 aut
635 3037 735 3096 viserit
748 3037 860 3114 hospes,

217 3144 248 3200 N
249 3143 355 3202 ewtoni
369 3144 478 3221 egregii
492 3123 563 3220 quas
576 3141 732 3201 celebravit
745 3141 854 3210 honos,

177 3246 321 3325 Viditque
335 3255 365 3304 et
379 3247 522 3315 meminit,
537 3245 622 3304 laetus
635 3245 755 3304 fortasse
769 3243 904 3312 videndo,

215 3351 313 3423 Quam
326 3349 420 3409 multa
433 3350 470 3409 ad
482 3369 595 3410 mensas
608 3345 775 3408 advolitairit
789 3348 858 3406 avis.
