2408 4252
521 411 668 453 mnmssn.

499 1011 696 1071 MELISSA.

252 1172 356 1240 Hune,
372 1172 482 1240 Marce,
497 1191 564 1229 eum
578 1169 700 1229 ducetur
714 1188 796 1238 uxor,
810 1167 886 1246 elige

292 1274 460 1352 Mensaeque
473 1288 632 1332 consortem
647 1282 676 1331 et
690 1271 762 1331 tori:
889 1276 892 1280 '

149 1409 153 1414 -
252 1378 333 1436 Bene
346 1378 473 1436 moribus
486 1387 604 1445 morata,
619 1397 683 1454 quae
695 1375 791 1433 forma*
800 1374 905 1452 placet,

291 1479 323 1535 N
324 1500 357 1538 ee
370 1478 437 1538 dote
450 1478 567 1538 dotatur
580 1479 677 1537 nimis.

251 1580 284 1637 N
284 1601 321 1639 on
333 1581 459 1639 elaborat
473 1580 532 1650 illa,
547 1580 583 1639 de
597 1580 645 1639 die
658 1581 689 1638 in
703 1579 789 1648 diem,

292 1684 331 1743 Se
345 1683 454 1762 fingere
468 1695 498 1742 et
511 1683 652 1762 refingere
663 1706 672 1753 ;
692 1701 716 1714 ’-

252 1787 415 1846 Vultumve
429 1788 539 1846 curiosa
552 1787 642 1846 sumit
655 1787 762 1846 artifex

290 1892 340 1950 Ab
353 1892 416 1959 hee,
430 1892 466 1950 ah
479 1890 529 1949 ille
542 1890 658 1970 pyxide.

252 1995 284 2051 N
285 2014 318 2052 ee
331 1993 502 2053 dislocandis
515 1994 686 2053 etlocandis
699 1995 835 2064 crinibus,

291 2097 371 2169 Quos
384 2099 492 2156 iterum
505 2108 535 2156 et
549 2099 655 2156 iterum
669 2098 797 2168 diducet,

251 2201 391 2260 Absumit
404 2203 496 2271 horas,
510 2222 599 2260 unam
612 2202 774 2281 ineptulem
788 2202 925 2261 aniculam

293 2304 454 2383 Deciesque
468 2304 560 2383 figens
573 2315 604 2363 et
618 2325 744 2364 movens.
825 2313 829 2320 ’
864 2313 867 2320 “

251 2408 284 2465 N
285 2428 317 2466 ec
330 2407 470 2467 exuendis
483 2407 639 2468 induendis
651 2410 790 2476 vestibus,

292 2511 415 2570 Diversa
427 2522 483 2580 ter,
497 2522 542 2570 ter
556 2511 696 2580 discolor,¹

251 2614 272 2671 J
273 2614 345 2672 uhar
358 2614 456 2672 evehit
470 2616 536 2672 eum
551 2613 691 2682 Phoebus,
705 2624 736 2672 et
749 2635 816 2673 eum
829 2613 957 2683 devehit,

294 2717 431 2776 Mutatur
445 2727 475 2775 et
489 2717 660 2775 mutabitur.

252 2820 285 2878 N
286 2841 318 2879 ec
331 2821 476 2885 visitanda
488 2819 585 2899 pulsnt
599 2821 651 2878 has
665 2831 695 2879 et
709 2823 760 2880 has
774 2823 859 2891 fores,

294 2923 338 2981 Ut
351 2935 448 3002 portet
459 2923 659 3002 importunum
673 2943 735 2992 sve,
807 2946 812 2955 ·

253 3028 355 3086 Meam
367 3027 531 3105 inquietans
544 3037 575 3086 et
587 3036 668 3086 tuam
683 3027 818 3086 viciniam

293 3131 419 3210 Ineptiis
432 3141 462 3189 et
476 3131 542 3189 otio.
625 3156 646 3161 ··
699 3120 705 3157 3

254 3234 286 3292 Si
299 3235 375 3293 forte
388 3234 545 3313 speetatrix
559 3235 680 3316 theatris
694 3237 827 3306 interest,

292 3336 351 3417 (Et
364 3340 486 3398 interest
499 3339 657 3416 rarissima)
695 3349 696 3353 ’
761 3349 764 3356 ’
837 3347 841 3354 “
