2408 4252
390 413 479 453 AMOR
494 414 645 454 INEBMIS.

89 550 234 628 Ignoscas,
248 552 272 610 si
287 572 402 621 caecum,
417 551 525 631 inquit‚'
536 574 583 612 me
598 553 699 612 devius
712 574 789 613 error
811 576 815 581 ·

127 654 255 713 Duxerit
269 655 306 713 ad
319 666 431 733 pectus,
445 656 568 715 eandida
581 657 672 735 virgo,
687 668 788 717 tuum:

87 757 201 816 Devius
215 778 292 817 error
305 768 366 817 erat
381 769 477 828 nerte3
498 779 623 838 namque
636 760 695 818 heu
707 760 783 819 bene
795 758 904 828 miram,

127 859 216 931 Quod
228 859 310 920 sedes
323 860 384 919 illio
397 882 455 920 non
468 862 622 922 habiturus
635 883 722 922 eram.

85 961 229 1021 Dimittas
243 963 399 1042 captivum,
414 985 462 1022 oro
470 986 480 1036 3
501 965 552 1044 qui
565 965 609 1024 nil
622 966 687 1035 tibi,
702 968 839 1046 nympha,
855 977 899 1026 est

130 1065 265 1135 Molitus,
280 1077 358 1125 certe
371 1067 414 1124 nil
427 1067 492 1137 tibi,
506 1070 644 1147 nympha,
658 1069 754 1128 mali.''

83 1281 108 1307 ‘¹
119 1269 267 1344 Nec‘scio‚
282 1296 336 1336 neo
349 1296 396 1336 me
409 1277 482 1336 scire
493 1277 606 1355 juvat,”
625 1278 672 1336 eui
686 1278 801 1338 rettulit
815 1278 875 1349 illa,

126 1378 245 1439 “Unde
258 1400 330 1459 puer
344 1380 452 1450 venias,
466 1401 524 1459 quo
536 1382 667 1464 fugiasvo
680 1402 788 1460 vagns3

80 1481 156 1542 Non
167 1483 250 1554 mihi,
260 1504 324 1562 quae
334 1484 462 1554 latebras,
473 1506 537 1563 quae
548 1486 607 1544 sint
617 1485 792 1556 habitacula,
803 1507 878 1545 curae
889 1498 943 1558 est,

128 1586 198 1646 Non
211 1587 293 1658 mihi,
307 1609 364 1666 qua
378 1599 477 1648 nectas
490 1589 521 1647 in
534 1589 651 1666 regione
665 1609 792 1659 moram3

78 1690 130 1750 At
144 1711 202 1750 non
216 1691 382 1764 dimittam3
403 1694 589 1771 nequeenim
603 1694 658 1753 tibi
672 1693 775 1764 credo,·
795 1695 914 1772 parabas

125 1794 205 1854 Nam
219 1806 297 1856 certe
310 1796 439 1865 insidias,
453 1796 629 1875 insidiasque
642 1798 742 1856 mihi.''

77 2011 109 2034 “
120 2003 295 2082 Virgineum
309 2024 374 2082 quae
388 2024 463 2062 curse
477 2014 583 2081 urgent
597 2004 652 2062 tibi
665 2016 767 2082 peetus
780 2005 900 2066 inanes!

127 2106 194 2186 lpse
207 2107 312 2167 lubens
325 2128 417 2177 arcus,
431 2109 464 2166 et'
474 2106 529 2166 tibi
544 2106 603 2166 tela
616 2106 706 2166 dabo:

73 2210 209 2289 Captivo
222 2211 303 2280 mihi,
318 2232 383 2270 cara
397 2210 496 2279 Chloe,
511 2211 536 2269 si
549 2210 665 2269 vincula
677 2210 780 2281 solves,

127 2314 167 2374 Et
181 2335 238 2383 mo,
252 2335 308 2392 quo
322 2314 422 2382 libeat,
435 2334 534 2373 rursus
548 2314 627 2374 abire
639 2314 743 2374 sines.''

72 2525 108 2553 “
119 2521 293 2601 Virgineum
307 2509 431 2582 defende
444 2524 541 2581 meum
555 2522 592 2580 de
605 2521 726 2581 vulnere
739 2533 851 2601 pectus,

127 2627 169 2685 Et
184 2625 256 2684 mihi
271 2625 322 2684 des
335 2645 426 2693 arcus,
441 2635 471 2684 et
484 2625 556 2682 mihi
569 2624 629 2683 tela
642 2623 762 2683 lubens:

72 2727 210 2807 Captivo
223 2727 367 2796 tibi‚'care
381 2744 464 2805 puer,
479 2736 543 2784 tum
557 2726 673 2785 vincula
686 2726 803 2797 solvam,

126 2831 168 2890 Et
182 2842 223 2900 te,
237 2852 295 2910 quo
307 2830 405 2899 libeat,
420 2851 519 2888 rursus
532 2830 612 2889 abire
626 2830 744 2889 sinam.”

71 2927 214 2994 Vincula
227 2934 269 2993 sic
281 2953 372 3012 puero
384 2932 470 2992 solvit
484 2933 621 3012 nympha,
636 2945 666 2993 et
679 2954 730 2992 sua
743 2937 887 3014 nymphas,

128 3037 255 3098 Vincula
268 3037 402 3106 solventi,
416 3037 537 3096 tradidit
551 3059 630 3096 arma
644 3058 725 3115 puer.

78 3240 211 3303 Sedens
224 3243 292 3303 hinc
305 3243 373 3303 lusu
388 3243 494 3321 puerili
508 3254 623 3302 exercet
636 3244 765 3314 inermis,

132 3345 191 3406 Neo
200 3347 323 3439 juvenes
337 3357 419 3406 curat
433 3346 632 3425 virgineosque
646 3367 764 3425 greges:
