2408 4252
446 419 559 460 FLORAE
574 418 748 466 emulum.

398 807 550 867 FLORAE
572 804 795 865 PRIMITIAE.

169 964 375 1024 Vineruuuu
390 976 467 1026 casto
481 976 568 1043 caput
584 966 637 1023 eu!
659 963 766 1023 recline
777 962 887 1042 pudore

211 1069 364 1129 Flosculus
377 1079 514 1138 ostentat,
528 1068 564 1128 de
578 1069 645 1126 nive
659 1087 763 1126 nomen
777 1067 903 1137 habeus!

174 1172 268 1232 Ecce!
290 1192 390 1233 recens
403 1184 506 1232 natum
519 1172 630 1251 primus
643 1170 781 1230 resalutet
795 1181 829 1230 ut
842 1188 960 1237 annum,

213 1276 320 1336 Exerit
334 1296 350 1336 e
363 1276 459 1355 gelida
472 1296 503 1335 se
516 1284 702 1355 properanter
716 1276 820 1333 humo!

179 1480 240 1540 Nec
254 1481 341 1560 rigidi
356 1493 500 1542 conterret
514 1502 580 1541 eum
593 1481 781 1542 inclementia
795 1481 867 1548 caeli,

216 1584 336 1663 Frigida
349 1605 402 1645 uec
416 1586 516 1654 Borea
530 1586 582 1654 vis,
597 1586 765 1663 hyemisque
778 1584 882 1654 miuoe3

180 1687 244 1747 Axe
257 1689 356 1747 statim
369 1709 460 1758 verso,
474 1689 545 1766 quin
559 1689 691 1767 protinus
704 1690 766 1748 exit
779 1689 810 1746 in
824 1707 916 1755 auras,

216 1790 304 1850 Veris
318 1803 352 1851 ut
365 1793 501 1852 instantis
515 1792 621 1851 nuncia
633 1791 700 1850 laeta
712 1792 795 1851 ferat.

177 1996 287 2057 Nativo
299 2000 429 2076 quamvis
443 1998 526 2059 cultu
540 1999 718 2077 candoreque
731 1998 864 2076 simplex,

217 2100 379 2160 Pulchrum
392 2101 443 2160 illa
455 2101 569 2162 inducit
582 2102 768 2180 simplicitate
782 2102 908 2170 chorum,

175 2203 244 2263 Nec
256 2204 378 2264 totidem
393 2225 512 2264 veneres
525 2205 612 2275 inter,
627 2216 811 2283 quotcunque
824 2215 994 2284 sequuntur,

218 2305 258 2365 Se
270 2308 398 2385 primum
412 2307 528 2367 dubitat
540 2308 729 2386 promeruisse
743 2307 845 2366 locum.

176 2513 328 2593 Quicquid
338 2515 416 2574 enim
426 2526 560 2575 tenerum
573 2514 695 2592 spirant,
706 2514 754 2573 vel
764 2514 885 2577 amabile
899 2515 1030 2583 miscent,

218 2617 306 2688 Lilia,
320 2619 368 2679 vel
381 2619 472 2688 violae,
485 2638 696 2697 purpureaeque
708 2638 787 2686 rosa,

175 2720 298 2800 Quique
311 2721 375 2781 aliis
389 2721 438 2780 alii
451 2721 612 2781 succedunt
626 2721 751 2792 floribus,
765 2741 849 2781 omne

218 2822 268 2880 Ex
283 2843 341 2883 uno
354 2824 503 2902 excipiunt
516 2822 647 2902 simplice
661 2823 729 2882 flore
743 2824 838 2884 decus.
