2408 4252
183 390 224 451 44
444 408 593 451 ooaruou
607 409 770 456 conanus.

179 549 340 608 Credebam
353 558 452 608 tamen
465 548 601 626 ignarus3
622 548 761 626 rebarque
775 548 852 626 quod
865 559 940 608 esset

219 651 302 711 Inter
313 651 429 711 divitias
442 651 617 711 invenienda
630 651 715 710 fides:

179 754 266 826 Quod
279 776 380 815 crassae
392 765 508 834 possent
522 765 627 824 vestes,
639 755 790 834 victusque
803 755 917 834 placere

220 859 368 928 Rusticus,
384 870 471 937 atque
485 858 588 916 humili
601 859 656 917 sub
669 857 729 918 lare
742 869 837 918 castus
851 880 938 919 amor.

180 1065 261 1137 Quid
275 1065 357 1134 mihi,
372 1065 516 1145 apollinea
529 1065 627 1144 cingar
641 1065 719 1144 quod
731 1075 861 1144 tempora
873 1065 965 1137 lauro,

219 1171 261 1229 Et
274 1169 404 1248 querulae
417 1167 512 1229 nbrim
525 1178 645 1247 tangere
659 1168 709 1227 fila
721 1168 812 1247 lyrae?

179 1274 260 1346 Quid
272 1273 400 1353 prodest,
413 1272 514 1333 molles
527 1293 661 1335 numeros
674 1273 814 1351 siquando
827 1274 986 1343 movebam,

218 1377 368 1456 Virginea
380 1378 488 1437 circum
502 1376 579 1456 quod
591 1376 727 1436 maduere
740 1381 844 1454 genre?

177 1482 237 1552 Ah,
252 1482 326 1540 nihil
338 1492 392 1551 est,
408 1481 551 1560 Corydon,
567 1480 672 1540 Phoebi
685 1502 737 1541 cur
750 1502 871 1541 munera
880 1482 991 1560 jactes!

217 1587 250 1644 N
250 1607 283 1646 ec
296 1587 359 1665 lyra
368 1586 430 1664 jam
443 1585 548 1654 decori,
563 1606 617 1647 nec
629 1586 685 1645 tibi
699 1585 797 1658 laurus
810 1586 875 1646 erit.

179 1691 236 1750 Est
248 1711 350 1761 novus,
363 1701 409 1751 est
423 1690 559 1769 Daphuae
570 1689 679 1749 felicior
692 1691 769 1768 ignis
781 1712 798 1754 z·
808 1701 839 1750 et
851 1689 896 1748 illi

217 1795 339 1853 Dulcior
352 1805 396 1855 est
409 1793 544 1864 calamus,
559 1793 743 1872 callidiorque
756 1814 868 1855 manus.

178 2002 240 2062 Vos
253 2012 352 2062 tamen
365 2002 443 2073 hinc,
454 2003 591 2063 comitum
605 2023 671 2081 pars
684 2022 701 2061 o
714 2001 870 2072 carissima,
883 2001 979 2070 aurici,

218 2106 310 2178 Queis
323 2125 437 2164 mecum
450 2106 546 2166 luctus
560 2117 639 2175 sunt,
652 2105 803 2183 sociusque
817 2104 907 2175 dolor,

178 2211 294 2270 Parcite
307 2230 366 2278 voa,
380 2209 518 2288 quicquid
531 2209 663 2269 dederint
675 2209 748 2269 mihi
760 2208 821 2269 fata
834 2209 999 2279 ferendum,

218 2313 333 2372 Parcite
346 2335 396 2372 vos
410 2313 556 2392 Daphnen
568 2313 736 2374 insimulare
750 2313 818 2372 doli.

179 2419 212 2477 Si
224 2429 286 2484 toto
300 2437 389 2496 vagus
402 2419 471 2487 orbe
484 2419 570 2488 feror,
585 2419 739 2478 comitatur
753 2428 873 2479 euntem

218 2523 271 2582 Me
284 2543 350 2582 mea
362 2543 430 2592 sora,
445 2522 527 2582 nulla
539 2521 718 2582 dissocianda
729 2521 817 2600 fuga:

178 2627 319 2699 Quamvis
332 2603 483 2696 inteream,
498 2626 623 2705 Daphne
636 2626 799 2686 mutabitur
811 2645 921 2704 uaque3

217 2730 365 2790 Inteream
378 2731 518 2808 quamvis,
533 2751 625 2808 usque
638 2729 735 2789 fidelia
746 2750 802 2789 ero.

178 2937 283 3016 Siquid
296 2937 391 2999 adbuc
403 2949 540 3017 poterunt
554 2937 720 2997 mollescere
733 2935 827 3006 corda,
841 2956 897 2997 nec
908 2937 1003 2995 omnis

218 3042 267 3099 Ex
280 3041 449 3101 inclementi
462 3051 578 3120 pectore
590 3042 667 3118 fugit
680 3062 777 3111 amor;

178 3145 319 3224 Agrestea
331 3146 408 3215 inter
421 3146 534 3205 decoret
548 3166 613 3205 mea
625 3145 729 3204 funera
742 3143 893 3223 nymphas,

216 3250 409 3328 Membraque
422 3268 559 3327 supremo
573 3249 623 3309 det
636 3248 809 3308 tumulanda
822 3268 898 3326 rogo.
