2408 4252
178 378 238 436 230
255 390 259 408 ⁹
455 389 587 431 crunno
601 389 752 428 oasouns.

403 777 589 838 CAMERA
610 775 819 872 OBSCURA.

185 942 216 999 N
218 957 396 999 oorunnuu
412 938 552 1005 Zeuxem,
567 938 651 996 varia
663 935 827 1000 subtemina
841 934 923 1003 lucis,

187 1044 229 1101 Et
243 1045 416 1120 picturatam
430 1041 492 1098 sine
505 1060 589 1099 succo
602 1051 632 1099 et
646 1039 787 1099 arundine
800 1038 940 1105 chartam,

188 1145 307 1213 Phoebe,
323 1164 417 1213 canas,
431 1143 504 1212 lucis
519 1143 591 1204 deus
605 1143 682 1202 idem
696 1153 726 1202 et
739 1142 873 1200 carminis
886 1140 976 1200 idem.

227 1250 306 1327 Ergo
319 1270 382 1327 age,
397 1270 461 1328 qnae
475 1251 588 1308 Borean
602 1270 619 1307 a
632 1249 727 1307 fronte
741 1257 883 1325 exceptet,
898 1266 1017 1323 opacam

188 1354 358 1412 Constituas
373 1354 540 1413 Cameram:
562 1351 660 1410 valvas
671 1351 809 1428 utrinque
822 1350 963 1417 fenestrae·
986 1380 989 1384 Δ

189 1457 274 1516 Obde
288 1457 378 1536 prius,
393 1456 561 1533 nullamque
575 1455 651 1514 sinas
664 1455 696 1512 in
709 1454 818 1532 pariete
831 1452 935 1511 rimam

190 1561 322 1628 Hiscere,
334 1581 385 1639 per
399 1570 501 1618 tenues
514 1579 552 1617 ne
565 1557 618 1615 lux
631 1558 759 1634 ingressa
772 1566 886 1615 meatus

191 1663 359 1723 Confundet
371 1646 485 1722 teneras
498 1663 617 1740 speclea,
632 1663 793 1739 formasque
807 1659 938 1719 caducas.

191 1768 342 1843 Exiguum
356 1776 453 1826 tamen
468 1767 499 1824 in
513 1766 603 1825 valvis
616 1766 761 1843 pertunde
774 1766 911 1833 foramen,

173 1950 176 1955 ἰ
191 1870 260 1942 Qua
272 1870 514 1951 radiiintroeant,
528 1869 650 1947 laevique
663 1870 731 1928 huic
743 1870 837 1928 insere
851 1869 927 1930 vitro

192 1975 358 2044 Tornatam,
372 1973 539 2052 modicoque
552 1973 705 2032 rotundam
718 1975 835 2052 gibbere
848 1972 980 2042 lentem3

193 2079 236 2137 Et
249 2098 323 2156 pone
336 2077 483 2143 albentem
497 2077 589 2154 digito
602 2076 744 2154 suspende
757 2076 904 2136 tabellam.

194 2182 264 2240 Huc
277 2182 386 2260 species
400 2201 497 2245 rerum
511 2180 630 2258 illapsae,
644 2202 701 2258 qua
714 2191 796 2258 porta
809 2179 945 2257 patescit,

194 2285 304 2365 Sponte
318 2305 370 2343 sua
383 2285 544 2354 intrabunt,
560 2297 590 2351 et
602 2295 710 2363 puncto
723 2285 860 2363 temporis
872 2304 932 2344 nuo

195 2389 253 2448 Per
266 2389 394 2447 chartam
407 2399 569 2448 automatas
582 2409 681 2453 cernes
694 2387 815 2452 volitare.
827 2387 943 2465 figuras.

235 2491 330 2560 Tales,
346 2491 428 2570 siqua
441 2491 513 2553 fides
527 2492 666 2571 Epicuro,
675 2512 697 2550 e
709 2511 824 2570 corpore
837 2492 946 2554 sensim

196 2595 376 2654 Membranae
389 2595 563 2672 aufugiunt3
585 2593 673 2652 oculis
686 2613 749 2652 sese
761 2593 867 2671 ingerit
882 2593 962 2653 ultro

195 2697 329 2767 Lamina,
344 2698 530 2776 sensibilique
543 2698 654 2755 intrans
667 2697 736 2755 ferit
749 2717 854 2775 organa
866 2697 964 2775 pulsu.

142 2847 143 2851 ,
236 2798 256 2856 J
257 2819 303 2858 am
317 2819 393 2867 vero,
407 2820 465 2877 qua
478 2801 507 2857 vi
520 2800 660 2876 refringat
674 2799 783 2859 vitreus
796 2801 883 2858 umbo

196 2903 343 2980 Exceptus
356 2901 429 2960 lucis
442 2902 545 2971 radios,
560 2923 616 2981 qua
628 2902 693 2980 lege
707 2915 845 2980 vagantes

197 3006 321 3083 Colligat
335 3006 367 3063 in
380 3004 488 3062 nodum
502 3005 677 3082 complexus
693 3017 723 3065 et
736 3007 794 3066 ima
807 3009 951 3086 supremis

198 3109 324 3178 Vertat;
346 3129 396 3167 cur
410 3120 487 3168 amet
500 3111 632 3168 obtentas
645 3111 757 3188 pictura
770 3099 913 3180 tenebras,

198 3213 218 3271 J
220 3213 311 3270 udicis
325 3214 419 3290 arguti
434 3233 524 3291 quum
537 3233 595 3272 non
609 3213 745 3273 formidet
759 3235 889 3284 acumen,

200 3313 348 3392 Expediat
361 3314 630 3393 physicus-neque
644 3318 722 3375 enim
736 3317 822 3376 datur
835 3320 930 3378 omnia
944 3322 1019 3380 scire
