2408 4252
218 394 278 453 212
466 414 607 456 russum
622 415 659 455 us
673 415 824 457 occurro.

220 553 300 613 Nota
314 553 414 613 domus
428 575 479 613 suc
493 555 606 633 cuique,
620 565 651 615 et
664 576 759 633 parvoe
772 555 872 614 limina
885 556 986 626 cellae‚·

259 657 301 716 Et
315 678 367 717 sua
380 656 417 717 de
430 656 525 717 medio
537 658 630 736 portio
643 659 748 736 cuique
761 657 817 716 cibi
830 667 884 716 est.

219 762 279 821 Hic
292 773 354 821 esto
367 760 500 840 populus,
515 781 560 819 res
574 771 635 820 esto
649 762 709 820 hoec
722 760 846 839 publica,
861 761 953 820 discat

257 865 345 926 Unde
358 885 424 924 suos
438 865 514 924 cives
527 865 688 924 instituisse
704 864 797 923 Plato.

397 1536 589 1595 INGENIA
610 1537 659 1594 IN
679 1535 886 1595 OCCULTO.

214 1691 413 1752 Drsorrusos
427 1695 512 1753 varim
526 1707 621 1762 sectae,
635 1696 776 1772 variaeque
790 1693 942 1752 studentes

252 1794 494 1865 Artis,·museum
510 1798 726 1858 Bethlemiense
739 1797 826 1876 capit.
894 1844 896 1849 .

213 1901 345 1963 Alterius
357 1904 463 1963 studiis
476 1906 551 1964 obsit
565 1927 602 1965 ue
615 1907 736 1965 forsitan
749 1904 832 1973 alter,

251 2007 396 2066 obfirmat
409 2007 511 2067 cellam
525 2009 641 2087 portula
654 2009 758 2087 cuique
771 2028 861 2065 suam.

212 2109 316 2182 Qualis
330 2111 468 2190 Epicteto
480 2111 583 2182 lectus,
598 2112 747 2190 qualisque
760 2109 905 2179 cathedra,

250 2210 330 2272 Talis
344 2198 383 2271 iis
392 2212 496 2283 lectus,
510 2213 569 2273 tale
583 2213 674 2273 sedile
688 2213 782 2272 datur.

211 2314 281 2374 Neu
295 2315 424 2375 Phoebus
436 2315 524 2375 radiis
537 2317 626 2375 animi
639 2316 816 2395 perstringat
829 2315 944 2385 ocellos,

248 2418 391 2478 Excludit
404 2420 526 2478 nimium
540 2440 629 2498 parva
642 2421 770 2478 fenestra
783 2418 869 2477 diem.

209 2520 352 2581 Dulcibus
364 2520 412 2586 bio
424 2533 503 2581 totus
516 2523 606 2582 musis
619 2523 761 2582 incumbit
771 2544 788 2591 ς,
802 2532 832 2581 et
845 2521 950 2601 implet

248 2623 397 2702 Angustos
410 2626 554 2703 rhythmis
568 2626 798 2703 carminibusque
812 2624 902 2684 lares:

208 2725 356 2804 Impendit
370 2746 468 2785 curam
481 2728 639 2806 patrieque
652 2738 681 2785 et
695 2727 805 2784 civibus
819 2726 887 2797 ille,-

130 2821 133 2828 ’
246 2830 355 2890 Debita
368 2830 392 2890 si
406 2832 501 2890 forsan
515 2831 684 2919 diminuisse
698 2841 793 2908 queat.

207 2933 361 3012 Nusquam
375 2945 419 2993 est
433 2931 557 3004 uberior,
572 2954 713 3013 nusquam
728 2954 810 3011 seges
822 2933 1010 3012 ingeniorum

245 3036 360 3114 Major;
372 3036 433 3096 sed
441 3038 547 3098 messis
559 3048 621 3096 tota
632 3036 751 3096 latendo
763 3037 849 3115 perit.
