2408 4252
259 367 319 427 248
522 366 580 428 'ur
593 391 699 440 vrvru,
714 374 843 433 vrurrju.

298 683 331 742 N
334 683 434 744 ULLI
450 684 512 744 ΤΕ
534 685 690 748 FACIAS
710 687 1082 750 NIMISSODALEM.

261 845 395 904 Pam
408 846 507 904 heram
520 843 718 930 feliugremi‘o
730 846 871 906 recubans
883 846 915 905 in
928 846 1020 919 uuili5

301 949 398 1022 Quem
411 947 501 1007 semel
515 957 602 1026 atque
615 948 722 1007 iterum
736 948 831 1028 Lydia
842 949 941 1029 palpat
954 951 1034 1011 here.

261 1052 379 1113 Ludum
392 1052 429 1111 lis
443 1043 594 1130 aequitum
615 1072 682 1110 uam
696 1062 772 1112 totos
785 1053 879 1113 exerit
892 1073 1016 1131 ungues,

302 1155 344 1215 Et
357 1154 443 1234 longo
455 1155 563 1215 lauerat
576 1155 697 1215 vulnere
709 1155 776 1215 felis
789 1176 886 1215 auum.

261 1259 407 1318 Continuo
419 1258 560 1318 exardens
572 1259 682 1337 gremio
694 1257 864 1318 muliercula
877 1258 965 1318 felem

300 1361 367 1421 Nec
378 1361 514 1440 gravibus
527 1360 628 1421 multis
641 1360 753 1420 excutit
766 1362 874 1440 absque
882 1362 983 1430 minis,

262 1463 349 1535 Quod
354 1474 453 1524 tumen
460 1462 540 1523 haud
547 1484 661 1541 {equum
667 1463 799 1523 esu—Si
807 1464 872 1524 vult
880 1485 946 1524 eum
954 1464 1014 1526 fele
1017 1467 1118 1545 jueari,

302 1566 438 1626 Felinum
452 1567 539 1627 debet
552 1566 647 1646 Lydia
659 1567 736 1626 ferre
745 1568 852 1646 jocum.

485 2040 542 2097 UT
564 2038 708 2109 VIVAS,
730 2039 893 2098 VIGILA.

262 2197 324 2254 Cur
338 2217 414 2256 mors
427 2206 472 2256 eet
485 2196 609 2266 lucrum,
622 2197 670 2256 cui
682 2217 758 2256 mors
771 2209 816 2257 est
824 2200 916 2277 janua
928 2199 1010 2267 vitae,

300 2298 411 2360 Tristia
423 2300 475 2380 qui
488 2309 569 2360 curet
582 2301 695 2369 funera,
709 2301 802 2360 tristis
814 2302 898 2361 homo
912 2312 972 2361 est:

261 2402 407 2464 Discurrit
420 2413 512 2463 totam
525 2404 674 2464 venaticus
686 2404 737 2465 ille
749 2425 802 2484 per
815 2406 927 2474 urbem,

300 2506 357 2566 Ille
370 2507 435 2585 quis
449 2516 578 2586 aegrotat,
593 2508 659 2584 quis
672 2509 860 2587 moriturque,
874 2517 964 2586 rugat.

262 2611 365 2683 Curre,
378 2631 460 2690 puer,
475 2611 620 2680 sonuitne,
633 2590 892 2690 rugaseumpanar‘
905 2608 1044 2682 fenestra,

301 2714 447 2773 Iudicium
460 2716 575 2783 mortis,·
585 2735 650 2794 quae
662 2714 701 2773 sit
714 2725 823 2792 apertu,
837 2713 912 2773 vide.

261 2815 348 2879 Alter
360 2818 448 2887 euim,
463 2828 575 2896 satagas
587 2817 619 2876 ui
632 2818 674 2877 eie
687 2816 816 2894 vigilare,
830 2816 960 2885 cadaver,

301 2922 363 2994 Qui
377 2923 448 2980 mihi
462 2923 618 3000 praeripiet,'
631 2921 743 2989 vultur,¹
755 2930 785 2980 et
799 2919 873 2980 ulter
886 2920 950 2979 erit.
