2408 4252
362 364 420 423 144
588 383 703 425 mutua
718 384 795 425 aeia
811 384 848 423 us
863 383 989 424 simma.

360 521 430 582 Jam
441 533 539 582 tumet
551 522 582 580 iu
595 498 721 601 tergum,
735 533 766 582 et
779 522 929 582 simulatas
936 522 1117 601 expuitdras
1124 543 1137 593 ς

401 625 444 686 Et
457 637 563 696 tumet,
578 636 608 685 et
622 626 731 686 similes
744 626 847 705 expuit
860 627 964 686 umbra
975 625 1082 686 minat

362 731 504 802 Quanam
517 731 578 790 hae
591 731 640 800 sit,
652 731 740 790 mima
753 729 832 789 uude
844 730 891 789 sui
903 741 965 790 tam
977 729 1105 800 mimica,
1115 751 1149 809 q·
1165 758 1180 781 τι

400 833 490 903 uelis,
504 854 542 892 an
555 834 586 893 in
600 834 726 913 speculo,
740 843 804 912 post
817 834 1016 913 speculumne,
1028 834 1114 901 alet,
1177 884 1180 888 .

362 937 406 996 Te
419 958 543 1016 quoque,
557 949 730 1016 praesentem
742 957 877 1016 praesens,
891 957 978 1016 quam
990 937 1107 1016 queris,
1118 947 1158 997 at
1172 937 1178 952 '

400 1041 525 1113 Quaerit,
540 1063 578 1101 au
590 1042 622 1100 iu
635 1042 761 1120 speculo,
775 1051 840 1120 past
853 1040 1053 1120 speculatum,
1066 1039 1150 1100 aim„

360 1144 513 1204 Alterutra
526 1144 696 1204 alterutram
709 1145 869 1222 quaeritque
882 1155 913 1204 et
926 1143 1058 1224 decipit;
1075 1143 1168 1222 idque

401 1248 541 1308 Feliculae
553 1249 659 1318 facitis,
673 1248 752 1327 quod
764 1249 835 1308 facis
848 1269 916 1318 uns,
931 1249 1005 1308 dua.

519 1835 672 1894 SIMILE
693 1835 800 1894 AGIT
821 1835 871 1893 IN
895 1835 1057 1894 SIMILE.

362 1995 555 2063 Cuisuauus,
570 1995 712 2073 pictisque
727 1993 764 2052 ad
778 1993 892 2052 Thaida
904 1994 1044 2071 psittacus
1058 1993 1122 2061 alis,

400 2098 512 2157 Missus
526 2098 562 2157 ab
576 2097 639 2157 Eoo
651 2117 758 2156 manus
772 2107 888 2156 amante
901 2097 990 2156 venit.

361 2201 487 2260 Ancillis
499 2201 617 2260 mandat
631 2203 754 2280 primam
768 2201 891 2260 formare
905 2200 1058 2278 loquelam,

400 2303 655 2364 Archididasealioe
669 2304 719 2364 dat
733 2304 788 2363 sibi
804 2304 894 2363 Thais
907 2324 987 2383 opus.

362 2408 500 2478 Psittaee,
514 2407 670 2478 ait‘Thais³
684 2408 825 2487 fingitque
839 2407 970 2468 sonantia
983 2406 1071 2466 malle

401 2511 498 2581 Basia,
512 2531 577 2590 quaa
591 2510 691 2570 docilis
703 2490 791 2570 molle
803 2510 922 2588 refingit
935 2509 1006 2569 avis.

360 2613 380 2672 J
382 2635 429 2674 am
443 2624 551 2693 captat,
561 2615 624 2691 jam
637 2613 772 2672 dimidiat
783 2612 975 2691 tyrunculus3
996 2611 1101 2690 etjam

400 2717 533 2797 Integrat
547 2717 660 2777 auditos
673 2716 866 2794 articulatque
880 2735 972 2776 sonos.
1077 2756 1080 2765 ·
1100 2742 1103 2749 ·
1139 2748 1152 2754 *-

360 2821 489 2883 Psittaee
501 2821 542 2879 mi
555 2820 677 2899 pulcher
689 2818 844 2899 pulchelle,
859 2819 928 2877 hem
941 2818 1012 2877 dicit
1022 2816 1147 2876 *alumno
1154 2839 1165 2887 ;

400 2927 529 2985 Psittace
541 2925 582 2983 mi
595 2924 725 3003 pulcher,
739 2921 837 2982 reddit
849 2921 985 2980 alumnus
998 2921 1101 2995 herta„
1118 2956 1121 2960 ι

360 3030 486 3108 Jamque
499 3028 587 3098 canit,
601 3026 689 3096 ridet,
703 3027 861 3104 deciesque
871 3023 1036 3103 egmtatiu
1049 3024 1131 3092 hora,

400 3133 443 3202 Et
455 3143 538 3192 vocat
552 3131 671 3191 ancillas
684 3131 800 3189 nomine
813 3148 958 3208 quamque
970 3146 1031 3188 suo.
1063 3180 1065 3183 .
1086 3166 1103 3181 -.

361 3234 519 3316 Multaque
531 3245 678 3296 seurratur
691 3233 827 3303 mendax,
841 3244 872 3292 et
884 3232 978 3292 multa
988 3232 1113 3310 jocatim,
1158 3280 1160 3284 Α

401 3341 444 3399 Et
458 3339 555 3419 lepido
568 3338 708 3418 populum
722 3337 834 3396 detinet
850 3336 978 3415 auffiuio.
1006 3414 1012 3426 ⁸
