2408 4252
466 416 588 456 VOTUM.

103 556 147 615 Ut
158 556 207 624 sit,
221 556 271 614 ubi
285 553 424 625 assideam
438 554 539 614 lectori
553 554 666 613 auditor
680 553 805 620 alumno,

143 659 176 716 Si
190 657 290 728 sudus,
305 657 352 717 vel
365 658 390 716 si
403 658 523 736 Jupiter
537 658 612 717 udus
626 658 690 716 erit.

105 761 201 840 AEquo
215 762 345 820 animum
360 761 489 839 imperio,
504 773 559 821 etc.

104 968 172 1040 Qua
185 989 288 1028 nemus
302 970 476 1037 umbrosum,
491 979 521 1028 et
535 969 663 1028 salientis
677 987 825 1026 murmura
838 967 903 1035 rivi,

143 1072 218 1131 Esto
231 1073 262 1130 in
276 1082 440 1149 conspectu,
455 1072 507 1130 sed
520 1072 619 1149 procul
632 1082 703 1140 esto,
718 1091 806 1130 mare.

106 1176 247 1234 Planities
257 1175 353 1252 juxta,
369 1175 430 1234 sine
444 1177 519 1234 fossa
533 1185 583 1234 aut
597 1196 675 1253 sepe,
690 1175 819 1253 mihique

145 1278 312 1337 Porrectam
327 1288 357 1336 ct
371 1299 475 1337 manno
489 1278 539 1337 det
554 1279 679 1357 spatiosa
693 1278 778 1335 viam.

108 1382 203 1461 AEquo
216 1382 344 1440 animum
359 1383 487 1460 imperio,
502 1393 557 1441 etc.

107 1588 238 1657 Flaccus,
253 1589 419 1658 Petrarcha‚
434 1599 465 1666 ct
478 1598 609 1648 veterum
623 1589 696 1647 liber
710 1609 786 1648 unus
800 1598 830 1648 et
844 1589 918 1648 alter

145 1689 263 1760 ddunt,
277 1692 387 1770 ingenii
401 1713 472 1770 quos
485 1691 641 1751 celebravit
655 1691 752 1750 honor.

107 1795 297 1881 Commendet
311 1794 433 1874 dapibus
445 1795 555 1864 melior,
570 1795 720 1873 potiorque
733 1796 836 1865 ferina,

148 1897 273 1957 Fercula
286 1898 456 1976 simplicitas
469 1898 678 1977 munditiaeque
689 1918 761 1957 mea.

109 2000 202 2080 AEquo
216 2002 345 2060 animum
359 2002 489 2079 imperio,
505 2012 559 2062 etc.

140 2268 202 2315 Fons
212 2266 285 2315 etiam
295 2266 345 2315 rivo
355 2266 412 2316 dare
424 2283 509 2317 nomcu
520 2268 628 2327 idoneus,
639 2280 666 2319 ut
677 2287 721 2319 nec

140 2345 256 2411 Frigidior
264 2347 391 2405 Thracam,
403 2365 481 2414 neque
491 2349 570 2416 purior
580 2351 670 2401 ambiat
679 2353 782 2402 Hebrus.
860 2354 928 2403 Hor.

141 2428 265 2477 Labuntur
276 2428 332 2477 altis
342 2428 437 2478 interim
447 2429 504 2495 ripis
515 2447 583 2496 aqum
591 2449 697 2491 3—

141 2511 275 2576 Fontesque
284 2511 388 2576 lymphis
399 2513 537 2578 obstrepunt
547 2513 709 2572 manantibus,

139 2593 238 2642 Somnos
248 2592 313 2657 quod
324 2593 408 2642 invitet
419 2593 493 2643 leves.
853 2597 930 2646 laun.

140 2674 220 2722 -Per
230 2689 330 2738 pronum
342 2673 463 2739 trepidans
474 2691 529 2723 cum
539 2691 658 2725 murmure
669 2675 753 2726 rivum.
853 2678 929 2726 Inan.

81 2805 84 2816 ,
140 2755 211 2805 Ievis
221 2763 332 2822 crepante
343 2756 442 2822 lympha
452 2756 532 2805 desilit
541 2757 612 2822 pede.
853 2760 929 2807 qun.

501 2836 572 2887 Unde
584 2837 696 2903 loquaces

142 2917 257 2984 Lymphae
268 2918 389 2967 desiliunt.

173 2997 179 3032 ¹
195 3000 337 3064 Neptunum
346 3002 428 3065 procul
439 3000 454 3048 d
465 3001 532 3050 terris
543 3009 650 3067 spectare
662 3001 786 3051 furentem.
852 3004 928 3054 loru.

141 3080 391 3131 ——slactantibus
402 3098 497 3146 aequora
507 3082 592 3139 ventis,

141 3164 163 3211 E
173 3173 244 3219 terra,
254 3178 367 3229 magnum
378 3164 475 3214 alterius
485 3173 593 3231 spectare
606 3165 719 3222 laborem,

144 3245 358 3294 ·-—--—Tua
368 3245 418 3294 siue
427 3254 494 3311 parte
505 3247 588 3313 pericli
599 3267 604 3294 ς

143 3326 200 3374 Non
211 3327 270 3392 quia
279 3327 360 3376 vexari
372 3344 507 3393 quenquam
518 3336 555 3377 est
563 3328 671 3394 jucunda
683 3330 801 3396 voluptas,

143 3407 191 3456 Sed
202 3407 291 3485 quibus
301 3408 352 3474 ipse
363 3408 433 3458 malis
443 3424 533 3466 careas,
545 3409 602 3474 quia
613 3426 709 3460 cernere
718 3409 790 3459 dulce
800 3418 844 3459 est.
886 3411 965 3460 Loca.

240 3462 274 3545 a.
