2408 4252
180 398 237 457 146
445 415 526 455 rusa
540 414 606 454 ran
621 413 767 454 rsuram.

354 943 357 948 ·
393 905 499 965 ITER
520 906 607 965 PER
628 903 825 963 TAMISIN.

179 1066 301 1125 Uuann
316 1086 382 1125 cum
396 1065 485 1134 volui,
499 1083 681 1142 crassumque
695 1062 859 1140 relinquere
872 1060 999 1127 fumum,

179 1169 438 1247 Plaustrorumque
448 1189 534 1245 vagos
545 1168 685 1246 strepitus
698 1185 856 1243 currusque
866 1173 1021 1242 crepantes
1029 1185 1039 1232 ,·

179 1271 269 1330 Nunc
283 1292 380 1330 vocem
394 1270 544 1330 stridentis
558 1291 641 1338 anus,
656 1289 735 1328 nunc
748 1288 896 1328 murmura
910 1287 1000 1326 rauca

178 1373 292 1432 Audire
305 1374 501 1440 invitusfusae
515 1393 566 1450 per
581 1373 704 1450 compita
717 1372 819 1439 turbae,

180 1476 277 1547 Quam
291 1476 377 1534 miser
391 1477 501 1534 emittit
515 1485 595 1533 vates
610 1487 639 1532 et
653 1472 766 1532 sordida
779 1494 879 1543 musa;

179 1576 229 1635 Ad
242 1576 328 1636 littus
342 1577 478 1637 descendi
492 1591 521 1636 et
537 1579 643 1635 amoeni
659 1575 784 1635 Tamisis
797 1576 909 1646 undas3

179 1680 223 1739 Ut
236 1701 347 1758 possem
362 1701 489 1740 recreare
503 1683 642 1749 animum,
657 1680 825 1760 placidoque
838 1699 953 1738 recessu

180 1784 223 1843 Et
237 1783 344 1842 virides
357 1804 471 1863 campos
485 1795 515 1843 et
531 1783 626 1843 dulcia
639 1784 731 1842 visere
744 1803 820 1841 rura.

179 1887 223 1947 At
238 1897 333 1947 nauta
346 1888 512 1946 venientem
526 1888 577 1946 ubi
590 1906 637 1945 me
650 1885 749 1944 videre
762 1906 886 1963 sagaces,

181 1991 252 2051 Sese
265 1991 432 2069 disponunt,
447 2011 546 2049 omnes
559 1991 682 2050 clamare
695 1991 797 2069 parati.
899 1993 903 1999 '

179 2095 222 2154 Et
233 2096 293 2174 jam
308 2095 450 2173 protensis
462 2094 595 2154 manibus
608 2094 720 2153 diversa
732 2093 902 2170 loquuntur,

178 2196 304 2276 Jamque
318 2199 394 2257 vices
407 2197 527 2257 rediisse
541 2218 617 2266 suaa,
631 2198 811 2274 cinguntque
824 2199 982 2256 tacentem.

182 2301 271 2360 Nutu
283 2303 366 2380 sigua
379 2301 465 2371 dedi;
487 2311 604 2379 accepta
618 2299 770 2360 decurrere
782 2299 865 2377 sigua

182 2403 316 2463 Festinat
328 2403 456 2482 quidam,
471 2414 501 2464 et
516 2405 646 2482 cymbam
660 2403 797 2462 velociter
810 2403 901 2462 infert

180 2507 328 2587 Praecipiti
341 2527 432 2586 prora,
446 2486 631 2586 reliquasque
644 2506 713 2566 hinc
725 2505 795 2565 inde
805 2506 941 2584 jacentes

163 2609 370 2704 ‘Proturbans
384 2612 476 2688 aperit
490 2631 590 2670 cursus
604 2610 773 2688 aditumque
786 2621 946 2688 patentem.

184 2711 301 2771 interea
315 2712 395 2771 dives
408 2714 510 2791 pingui
525 2735 591 2774 curu
605 2716 727 2794 conjuge
741 2714 821 2782 civis,

182 2814 307 2875 Visendi
321 2816 429 2894 pariter
442 2828 545 2897 captus
556 2817 713 2877 dulcedine
726 2817 811 2886 ruris,

182 2917 324 2988 Advenit,
338 2931 368 2978 et
382 2922 501 2999 puppim
517 2941 631 2981 mecum
645 2921 812 2981 conscendit
827 2910 958 2980 eandem.

183 3020 326 3090 Portitor,‘
335 3035 369 3080 ut
382 3022 487 3083 mulier
501 3045 605 3084 navem
620 3026 795 3094 conscendit,
809 3026 932 3085 amicam

183 3125 334 3185 Praebebat
348 3125 489 3196 dextram,
505 3139 535 3187 et
549 3148 663 3206 gressus
677 3129 809 3188 firmabat
821 3130 945 3208 iniquos

184 3227 267 3307 Saepc
280 3228 397 3306 quidem
412 3231 503 3290 voluit
517 3253 616 3292 causas
630 3233 747 3292 finxisse
760 3233 901 3303 morandi,

184 3331 350 3410 Expectans
364 3333 462 3402 alium,
478 3337 501 3392 si
516 3337 574 3395 fors
588 3335 773 3396 descenderet
788 3337 876 3407 ullus,
