2408 4252
451 409 598 471 conunou
612 431 773 478 ouanuus.
999 413 1037 472 43

318 994 322 1000 ,
387 934 599 993 CORYDON
620 932 838 1007 QUERENS.

188 1089 359 1150 Ducnr’ros
373 1102 470 1171 pastor
483 1113 579 1152 secum
592 1093 748 1153 meditatus
761 1097 870 1155 amores

223 1192 273 1253 Ad
287 1195 380 1274 ripam
389 1196 482 1272 jacuit
496 1197 697 1274 pretereuntis
710 1218 791 1276 aquoe
798 1221 808 1268 ,-

187 1297 322 1376 Dumque
335 1300 502 1358 reeensebat
515 1300 595 1358 falsae
608 1302 735 1378 perjurio
747 1302 891 1379 nympha,

222 1401 378 1461 Lasaatum
391 1403 491 1462 salices
504 1404 668 1465 sustinuere
682 1415 778 1484 caput.

186 1502 348 1564 Audierant
362 1507 482 1585 zephyri
495 1527 592 1567 vocem
605 1509 788 1586 gemitusque
802 1507 935 1576 dolentis,

223 1608 264 1667 Et
278 1610 391 1668 moestis
403 1610 484 1668 venti
498 1630 686 1689 congemuere
699 1613 790 1670 sonis:

185 1709 326 1771 Audierat
340 1713 437 1784 rivus;
458 1734 648 1792 resonumque
662 1714 699 1773 ad
711 1735 859 1774 murmura
872 1737 1012 1788 murmur,

222 1815 263 1873 Et
277 1826 413 1894 questum
422 1816 464 1875 'ad
476 1828 597 1895 questus
610 1818 800 1896 ingeminavit
813 1839 896 1896 aqua.

184 2021 377 2083 Ahmiserum
383 2024 576 2103 Corydonem!
591 2035 621 2084 et
631 2025 736 2084 dunum
745 2036 813 2084 ante
820 2025 916 2083 omnia
924 2025 1031 2085 fatum!

221 2126 367 2187 Tristibus
380 2129 425 2186 his
438 2127 598 2206 lacrymans
612 2129 733 2206 ingemit
747 2128 797 2188 ille
809 2129 920 2199 modis;

182 2228 313 2310 Adspexi
326 2231 451 2301 vultum,
465 2231 601 2310 lethoque
616 2231 689 2306 (heu
699 2232 794 2292 sidera
806 2233 906 2310 iniqua
917 2235 939 2311 !)

220 2334 269 2392 Ex
283 2334 333 2393 illo
347 2335 458 2394 intuitu
471 2346 541 2413 quot
552 2337 681 2413 graviora
693 2336 766 2395 tuli!

181 2437 335 2517 Nusquam
348 2449 432 2498 tutus
445 2458 542 2509 eram;
565 2438 698 2517 Daphnae
707 2439 780 2497 mihi
794 2439 886 2499 dulcis
899 2438 993 2519 imago

219 2541 367 2611 Ridentis,
383 2541 475 2602 dulcis
489 2563 582 2602 sermo
594 2542 741 2621 loquentis
754 2554 833 2602 erat:

179 2644 239 2703 Seu
252 2656 379 2714 caneret,
393 2645 499 2705 blando
513 2657 615 2724 captus
628 2646 833 2717 modulamine,
847 2648 963 2725 quando

218 2748 292 2807 Tam
303 2769 400 2818 suave,
415 2749 552 2818 exclamo,
567 2761 611 2818 tu,
627 2750 796 2818 Philomela,
811 2753 912 2810 canes!

175 2956 262 3035 Saepe
276 2956 394 3035 quidem
405 2958 475 3027 dixi,
491 2959 682 3018 Miserebitur
696 2958 747 3016 illa
755 2981 764 3027 3
787 2959 838 3017 sed
851 2958 929 3016 unde

218 3059 292 3121 Tam
305 3072 410 3120 nostrae
424 3062 506 3122 fieret
520 3063 691 3121 rusticitatis
704 3064 819 3120 amans!

175 3163 266 3224 Unde
278 3165 360 3224 urhis
372 3166 552 3244 splendorem
566 3187 600 3225 ea
613 3167 708 3232 sciret,
723 3185 847 3243 opesque
861 3167 998 3244 superbas

217 3268 357 3327 Sordibus
367 3270 479 3346 exiguae
492 3270 690 3348 posthabuisse
703 3271 791 3328 casae!
