2408 4252
211 364 271 423 216
398 383 517 424 unvaus
532 382 588 422 run
603 381 795 432 marsum,
810 379 881 420 nno.

451 770 538 828 IRIS
560 769 830 828 PORTABILIS.

215 929 375 986 Comaru
390 938 419 986 et
433 927 542 1006 frangit
556 927 648 986 radios
662 927 693 985 in
707 927 787 986 mille
800 926 906 987 colores
927 979 928 982 ,

254 1030 386 1094 νὶῐτιιιη,
399 1031 478 1108 quod
491 1030 569 1090 docti
582 1029 697 1089 nomide
710 1031 817 1109 prisma
830 1040 954 1100 vocant,-

214 1135 336 1193 Coceina
350 1133 488 1203 caeruleis,
503 1135 607 1194 croceis
620 1134 808 1212 hyacinthina
821 1133 942 1201 distant,

254 1237 376 1316 Singula
389 1257 441 1315 per
454 1238 546 1296 varios
560 1247 710 1296 attenuata
723 1235 838 1314 gradus.

215 1339 379 1398 Dissimiles
392 1341 501 1399 umbris
514 1351 584 1398 sunt
598 1340 716 1408 umbrae,
732 1349 762 1397 et
775 1338 852 1397 linea
865 1339 978 1416 quaevis

254 1441 433 1520 Languidior
446 1442 552 1501 sensim
567 1442 759 1519 contiguaque
772 1442 873 1499 minore

215 1545 273 1605 Per
287 1547 327 1604 sic
341 1546 484 1624 dispositae
498 1543 760 1612 discriminamus,
774 1544 897 1603 inomni

256 1649 410 1727 Depiotam
424 1649 497 1708 facie
511 1647 655 1726 prismatis
670 1647 732 1705 Irin
745 1648 841 1707 habet.

432 2296 637 2339 *LEVIUS
654 2295 708 2339 FIT
724 2295 921 2352 PATIENTIA,

346 2440 509 2487 ouscouua
525 2426 719 2482 considant
735 2438 794 2480 usn
811 2437 928 2481 nanas.

218 2584 413 2640 Cuaunruun
428 2583 458 2641 in
472 2603 566 2651 eavea,
580 2582 682 2661 laqueo
694 2602 782 2661 quam
796 2581 946 2661 prenderit
959 2603 1078 2663 aueeps,

257 2686 299 2745 Et
312 2685 389 2754 silet,
403 2697 434 2744 et
447 2687 541 2745 fatum
554 2685 677 2764 lugubre
690 2684 785 2764 plorat
799 2685 868 2743 avis.

217 2789 283 2849 Neo
296 2789 391 2867 planet
405 2800 545 2866 angustus
559 2809 663 2857 carcer,
677 2809 763 2868 quam
776 2788 870 2847 limite
884 2788 966 2847 nullo

256 2893 359 2951 Ae'rias
372 2912 466 2971 nuper
477 2893 593 2970 juverat
607 2893 649 2952 ire
662 2893 732 2951 vias.

216 2996 365 3065 Nascitur,
379 3006 409 3054 at
422 2995 508 3073 longo
521 2996 661 3074 patientia
675 2995 778 3054 erescit
790 2996 826 3053 ab
840 3014 912 3063 usu;

256 3099 322 3157 Nec
331 3100 402 3178 jam,
417 3120 481 3178 quaa
495 3099 614 3158 dederat
626 3097 722 3167 taedia,
738 3118 833 3158 carcer
846 3098 943 3156 habet.
1036 3169 1039 3173 ι

216 3203 237 3261 J
238 3224 285 3262 am
299 3223 329 3263 se
342 3203 451 3263 solatur
465 3215 553 3263 cantu
567 3203 697 3280 eaptiva3
718 3221 772 3261 neo
785 3201 845 3260 ulla

257 3305 382 3367 Suavius
395 3308 427 3365 in
440 3307 548 3385 campis
562 3306 652 3365 libera
666 3314 762 3365 osutat
775 3304 844 3364 svis.
