2408 4252
569 410 686 451 TUEDA.

206 541 318 605 Solvere
333 547 460 608 naucleri
471 548 559 626 jussit
572 570 628 608 vox
641 550 734 610 ferrea
747 571 860 620 navem,

238 646 315 706 Vela
328 659 521 711 tumescentes
534 653 698 731 explicuere
711 654 807 712 sinus:

208 746 285 809 Dixit
294 763 425 831 uterque,
434 754 516 825 vale;
535 768 566 815 et
573 756 706 834 lacrymis
716 759 804 816 simul
811 759 907 818 oscula
917 761 1048 831 miscens,

238 853 363 914 Addidit
376 857 437 916 heo
449 859 583 936 gemitus,
598 860 648 920 ille
661 860 768 920 recline
782 873 878 941 caput.

207 952 296 1019 Invita
309 970 339 1018 et
353 961 434 1021 tarde
448 963 485 1021 ad
497 974 603 1022 terram
618 965 750 1023 Susanna
764 966 882 1036 recedit,

239 1061 278 1120 Et
293 1064 377 1122 nivea
390 1067 508 1143 repetit,
527 1074 548 1099 “
558 1067 645 1137 Vive,
659 1068 809 1146 valeque,''
825 1089 921 1128 manu.

432 1805 436 1815 “
544 1846 703 1905 runnu.

178 1991 284 2067 Ques
298 2003 391 2080 aperit
405 2005 539 2062 veneres!
558 2025 645 2082 quam
657 2006 742 2066 Flora
755 2008 865 2068 arridet
876 2030 1031 2082 amoenum,

232 2103 283 2163 Ad
297 2104 439 2184 placidam
454 2106 564 2166 'l'uedae
577 2107 643 2167 leue
658 2109 774 2170 fluentis
788 2113 909 2190 aquam!

178 2196 251 2268 His
265 2219 373 2278 tamen,
385 2210 431 2268 his
444 2210 565 2280 cunctis,
579 2211 726 2271 formosior
739 2230 799 2271 una
813 2214 918 2284 Maria,

231 2312 355 2373 Naturae
368 2314 476 2392 pariter
489 2315 578 2374 vincit
592 2324 622 2374 et
635 2316 706 2374 artis
719 2335 795 2393 opes.

178 2404 225 2471 N
225 2436 262 2474 ou
275 2437 348 2487 rosa,
362 2437 419 2477 non
433 2417 524 2487 violoe,
538 2438 596 2477 non
609 2419 687 2496 picto
700 2420 829 2496 margine
842 2420 935 2489 bellis,

232 2520 365 2599 Totaque
377 2520 517 2591 luxuries,
531 2544 588 2601 qua
601 2524 730 2583 variatur
742 2524 848 2582 humus
859 2546 869 2594 ,·
907 2537 909 2548 ’

176 2613 223 2682 N
223 2645 272 2695 on,
286 2645 351 2704 quae
364 2627 522 2704 subrepens
534 2626 640 2685 blondo
653 2625 838 2685 interlabitur
851 2647 932 2703 agros

230 2727 378 2798 Flumine,
393 2739 453 2787 tam
467 2729 548 2788 suavi
563 2728 665 2788 'l’ueda
678 2728 779 2788 decore
792 2729 877 2788 nitet.

175 2927 280 3014 Sylva
293 2937 386 2996 choris
399 2937 496 2995 avium
509 2947 622 2996 resonat
637 2937 758 3007 vocalis;
779 2946 810 2995 et
823 2957 907 2996 omne

229 3040 401 3120 Virgultum
415 3042 562 3100 harmonia
575 3041 678 3109 fervet,
693 3054 723 3099 et
736 3061 820 3099 omne
834 3061 945 3100 nemus.

173 3135 320 3205 Miscent
333 3156 363 3205 et
377 3145 495 3205 merulae
508 3151 651 3212 numeros,
665 3144 847 3222 gemitusque
861 3143 1027 3223 palumbes;

231 3247 364 3328 Desuper
377 3249 467 3308 a'e'rios
480 3247 561 3307 addit
572 3247 674 3308 alauda
687 3246 792 3306 modos·
