2408 4252
264 408 417 450 rurum
432 407 648 460 curnrurru,
664 406 734 449 urc-
868 387 926 448 251

71 546 218 607 Solvimur
231 547 262 607 iu
275 548 433 626 lacrymum
454 557 484 605 et
498 546 595 605 inania
607 565 729 605 munera
742 565 842 605 versus

111 650 162 710 Ad
175 650 321 710 tumulum
335 651 440 730 sparsis
452 651 510 709 fert
525 648 647 727 Elegeia
660 649 756 708 comis,

72 753 212 824 Aldricio,
227 753 334 814 debent
348 755 395 813 cui
408 773 529 813 munera
541 762 624 813 tanta
637 773 782 822 csmoeuae,

112 858 178 917 Hos
191 858 336 927 tribuisse,
350 878 452 937 perum
465 867 529 927 est3
549 877 607 917 nou
620 856 766 928 tribuisse,
781 856 883 916 scelus

73 1171 228 1230 Pourruu
240 1170 272 1230 in
285 1172 371 1231 busto
383 1171 409 1230 si
421 1171 535 1250 quando
547 1170 653 1232 nobilis
668 1170 769 1240 Indus,

114 1275 245 1335 Exornat
258 1276 371 1336 tristem
384 1294 467 1333 merx
480 1273 605 1354 pretiosa
616 1293 726 1353 pyram.

74 1376 123 1437 Tu
135 1389 242 1448 tecum,
257 1378 381 1448 Aldrici,
396 1378 514 1438 muudus
527 1389 578 1438 tus
592 1378 698 1457 scripta
711 1376 847 1438 eremari:

113 1484 183 1542 Non
195 1484 251 1544 ulio
264 1484 381 1542 fuerunt
394 1482 482 1560 digua
494 1481 590 1560 perire
602 1501 678 1559 roge

443 1667 562 1682 a

76 1796 157 1869 Qum
172 1817 273 1858 suaves
286 1797 416 1858 Arabum
430 1790 559 1857 volucres
572 1795 641 1855 solit
653 1796 740 1856 unies
751 1809 852 1865 terras,

116 1900 192 1960 Cum
202 1902 263 1981 jum
275 1901 322 1961 illi
336 1901 433 1961 Pareae
446 1900 496 1960 filu
509 1919 643 1980 suprema
656 1899 769 1979 legunt,

76 2003 177 2064 Thnre
189 2004 277 2064 struit
289 2005 402 2074 nidum,
416 2014 447 2066 et
460 2004 553 2063 multo
566 2024 597 2064 se
610 2013 771 2063 concremat
784 2003 869 2082 igne;

117 2107 256 2186 Dumque
268 2107 371 2168 ardent
385 2108 504 2178 eineres,
519 2106 610 2167 ultera
622 2107 714 2186 surgit
727 2107 796 2166 avis.

77 2211 203 2271 Funeris
215 2223 260 2272 est
274 2211 372 2292 dispar
385 2212 441 2272 tibi
453 2213 557 2280 fatum,
572 2209 702 2280 Aldriee,
716 2209 876 2270 seeundum

114 2314 148 2373 N
148 2335 185 2374 ou
199 2315 285 2376 detur
298 2336 315 2375 e
328 2317 413 2375 busto
426 2335 543 2394 surgere
555 2333 638 2394 posse
650 2324 711 2374 tuo.

142 2677 297 2759 FALL‘ERE
312 2677 522 2723 CREDENTEM
537 2676 608 2721 NON
626 2677 687 2722 RES
702 2677 862 2722 OPEROSA.

76 2822 156 2882 Durr
170 2823 294 2883 mentita
306 2842 408 2902 genus,
422 2822 576 2903 cultusque
587 2822 692 2882 induta
704 2822 813 2893 viriles,

116 2924 280 2986 Romanum
293 2926 383 3005 gessit
397 2925 478 3006 Papa
490 2926 511 2984 J
511 2947 604 2986 sauna
616 2926 744 3005 pedum,-

76 3028 230 3089 Faemineoe
242 3030 339 3089 fraudi
351 3050 423 3109 grex
436 3050 468 3091 se
481 3029 624 3090 commisit
637 3029 764 3109 ineptus,

115 3132 216 3212 Atque
229 3134 278 3212 pie
290 3154 392 3195 verum
405 3133 528 3194 credidit
542 3153 604 3194 esse
616 3152 724 3194 senem.

59 3236 190 3311 ,Pastori
202 3238 325 3298 nimium
338 3249 383 3302 tu.
399 3237 501 3307 Roma,
515 3237 573 3297 heu
587 3236 721 3308 credulu3
742 3257 876 3316 numque,

117 3339 150 3399 Si
164 3353 288 3421 nequeat
303 3341 374 3412 fulli,
389 3341 490 3401 fallere
504 3341 585 3421 Papa
598 3351 702 3420 potest.
