2408 4252
179 409 235 468 162
386 431 428 470 nn
443 430 638 471 nrcnnnnuu
654 431 753 483 nnus,
768 434 838 474 suc.

178 567 233 624 Nil
246 567 302 627 nisi
316 589 420 628 nomen
433 569 612 629 habet-sed
627 583 657 629 et
670 573 746 629 omni
761 572 904 632 illustrius
918 575 1002 643 urbe,

218 671 368 750 Nullaque
381 694 438 751 quc
452 674 542 750 major
555 673 654 751 gloria,
670 695 773 733 nomen
787 677 881 735 habet.

179 775 282 834 Restat
296 776 399 845 adhuc,
413 778 534 836 restabit
548 777 641 836 adhuc
654 799 706 856 per
719 779 822 838 saecula
835 780 931 858 longa,

216 879 345 939 Nomine
359 880 467 938 Buconi
481 880 632 940 nobilitata
645 883 707 940 sui:

177 981 261 1054 Quoe,
276 1003 342 1042 cum
355 983 472 1043 desierit
487 984 675 1046 Verulamius
688 986 739 1045 ille
752 988 855 1056 vocari,

215 1085 269 1143 Nil
283 1087 339 1144 nisi
353 1108 430 1146 nunc
444 1108 558 1156 nomen,
573 1099 644 1148 tunc
660 1110 754 1168 neque
768 1111 872 1149 nomen
886 1091 951 1150 erit.

351 1756 411 1814 AD
433 1757 700 1848 RIQHARDUM
722 1759 856 1828 LAMB,

177 1933 241 1972 Nnc
261 1933 355 1971 SARP.
373 1935 436 1974 Nun
456 1937 525 1975 Md).
544 1937 607 1977 NEC
625 1936 712 1976 Mul).
730 1935 841 1984 NEQUE
859 1933 1038 1975 nocuum(

217 2037 254 2075 IN
271 2037 391 2077 MUSIGA
400 2042 409 2090 3
429 2039 499 2089 SED,
514 2039 559 2078 EX
576 2039 637 2080 Usu
654 2039 698 2078 ΠΤ
715 2037 857 2078 consum*
871 2036 1039 2088 vonum,

218 2139 390 2180 DOGTOREM
400 2145 407 2180 :

352 2279 567 2338 EPISTOLA
588 2280 857 2339 FAMILIARIS.

178 2435 243 2508 Qur
258 2436 349 2496 doctis
362 2436 471 2517 aliquot
485 2439 589 2498 studiis
601 2439 777 2517 impenderit
790 2459 889 2507 annos,

218 2540 309 2600 Hunc
322 2541 434 2600 Granta
447 2555 577 2611 exornat,
591 2542 638 2601 vel
653 2541 824 2620 Rhedycina
836 2541 937 2619 gradu.

178 2645 318 2724 Quisquis
331 2657 361 2704 et
375 2647 521 2724 egregiam
535 2645 702 2706 meditando
714 2645 858 2705 invenerit
872 2655 976 2714 artem,

218 2748 274 2808 Ille
287 2749 335 2818 sit,
351 2747 396 2822 (et
410 2751 454 2809 fas
467 2753 537 2828 est,)
552 2750 650 2809 doctor
663 2751 695 2808 in
709 2760 771 2808 erte
784 2770 845 2808 sua.
909 2822 912 2827 Δ

178 2852 243 2911 Hoc
257 2853 312 2912 tibi
325 2853 448 2913 debetur
455 2877 464 2924 ,·
484 2875 650 2933 quanquam
663 2853 739 2912 nihil
752 2852 858 2913 addere
871 2852 957 2912 femae

217 2955 345 3015 Nomina
358 2956 405 3017 vel
418 2970 539 3037 pessunt
552 2979 665 3037 magna,
681 2958 833 3037 gradusve,
847 2968 915 3018 tuae.

178 3062 245 3120 Hoc
257 3063 312 3120 tibi
326 3061 449 3122 debetur
456 3084 467 3134 ς
488 3063 566 3142 quod
578 3073 609 3122 te
623 3083 677 3122 nec
690 3062 800 3122 doctior
812 3061 886 3121 alter

217 3165 338 3243 Ungues
351 3166 397 3225 vel
411 3165 560 3235 marinum,
575 3166 622 3224 vel
635 3186 763 3226 resecare
775 3165 894 3245 pedum.

177 3268 243 3328 Nec
256 3269 347 3347 magis
361 3279 405 3328 est
418 3290 544 3348 praesens
557 3270 659 3349 opifer,
674 3291 740 3328 cum
755 3270 883 3348 Cynthia
896 3281 1004 3331 crescet
1011 3293 1020 3340 ,·

217 3371 269 3441 Et,
284 3392 350 3431 cum
363 3372 508 3432 decrescat
523 3374 660 3452 Cynthia,
675 3394 760 3432 nemo
773 3374 873 3451 magis.
