2408 4252
514 423 654 468 umorem
675 425 699 465 s.
988 406 1027 467 55

214 563 417 643 sperantibus,
432 564 525 643 quoad
545 563 624 625 licite
643 574 673 624 et
694 565 828 636 innocua,
845 564 940 623 omnia
959 574 1028 624 sunt

174 682 274 743 libera
315 684 358 744 Et
375 683 509 762 qnoniam
528 681 671 764 pleraeque
685 684 716 742 in
729 684 829 745 futuro
843 693 911 743 sunt
925 683 1029 762 volup-

175 813 261 873 tates,
286 803 412 884 optando
434 805 555 865 facimus
578 804 785 885 praesentiores,
809 814 840 863 et
864 805 1029 883 conspectui

176 923 294 1003 propius
307 923 501 1013 admovemus.
536 923 750 1004 Contemplatio
759 935 804 983 est
814 922 956 1002 quoddam
966 922 1029 981 fru-

177 1043 246 1103 endi
263 1064 376 1122 genum
395 1055 426 1104 et
439 1045 602 1123 expectatio
616 1043 793 1114 deliciarum,
809 1020 945 1103 absentiae
958 1064 1029 1121 quo-

179 1162 330 1224 dammodo
339 1175 383 1224 est
393 1165 536 1224 solatium.
571 1164 675 1243 Itaque
686 1165 846 1243 equissimo
852 1164 919 1241 jure
929 1163 1029 1222 licebit

179 1293 246 1342 voto
263 1283 416 1362 indulgere
432 1304 486 1344 nec
503 1283 629 1369 infaceto
648 1303 702 1342 nec
721 1282 865 1351 illiberali,
886 1282 962 1360 qnod
979 1302 1030 1341 ve-

178 1400 290 1459 nientia
307 1401 466 1460 senectutis
484 1400 670 1469 incommoda,
690 1401 790 1459 sinon
810 1411 871 1460 tota
890 1400 1031 1479 repellere

179 1531 208 1581 et
221 1521 368 1590 remorari,
384 1520 546 1580 diminuere
559 1530 637 1579 certe
650 1530 745 1599 potest
758 1531 788 1579 et
802 1519 932 1579 delinire.

218 1638 281 1697 Diu
299 1638 432 1718 Anglicis
451 1638 605 1699 lectoribus
624 1635 743 1717 placuit,
758 1638 876 1716 diuque,
890 1650 925 1698 nt
939 1660 1031 1719 augu-

178 1779 285 1829 ramur,
299 1760 424 1839 placebit
443 1760 619 1818 celebratum
638 1759 691 1818 hoc
708 1757 894 1837 opusculum:
917 1769 947 1818 et
967 1781 1031 1840 spe-

179 1880 305 1939 ravimus
325 1881 434 1940 anctori
451 1889 548 1938 nostro
567 1900 624 1937 non
642 1878 781 1956 injurium
802 1878 872 1947 fore,
887 1879 911 1936 si
925 1878 1033 1940 Latine

180 2000 266 2059 etiam
284 1998 439 2078 legendum
456 1999 665 2058 exhiberemus.
707 1996 743 2055 Id
763 2007 840 2057 certe
860 1999 1032 2077 optavimus,

173 2128 214 2177 nt
227 2118 335 2177 iterum
349 2117 466 2185 exteris,
481 2117 559 2195 apud
571 2137 641 2195 quos
655 2117 855 2195 peregrinatus
872 2127 927 2186 cst,
941 2138 1033 2196 quan-

180 2247 244 2295 tum
268 2256 320 2314 per
340 2256 391 2294 nos
414 2245 519 2314 posset,
540 2245 625 2294 vetus
648 2234 839 2295 innotesceret
863 2207 965 2314 hospes
972 2260 982 2308 ,·
1003 2248 1033 2297 et

181 2357 267 2425 fama,
282 2375 339 2434 qua
357 2355 447 2414 semel
467 2355 574 2424 floruit,
589 2354 625 2415 de
644 2376 717 2414 novo
731 2355 944 2434 aliquantulum
958 2359 1033 2417 revi-

180 2473 311 2533 visceret.
353 2472 400 2532 De
417 2473 499 2531 nobis
516 2471 590 2531 nihil
608 2473 670 2532 ausi
690 2472 828 2553 polliceri,
846 2485 915 2545 tuac,
934 2475 1033 2546 lector,

180 2593 390 2655 benevolentia
409 2604 558 2672 acceptum
582 2593 750 2663 referemus
771 2595 796 2652 si
820 2593 958 2654 Romanis
981 2616 1033 2654 au-

179 2716 260 2775 ribus
280 2736 338 2775 non
358 2714 476 2794 prodeat
495 2714 612 2774 omniuo
632 2711 772 2792 indignus
780 2735 790 2784 ς
811 2715 835 2772 si
857 2715 950 2785 Italis,
969 2717 1033 2794 qni-

179 2835 303 2895 bnscum
322 2834 351 2894 ci
371 2834 455 2894 docta
475 2833 638 2893 intercessit
658 2834 844 2904 consuetudo,
865 2855 921 2894 non
941 2836 1034 2896 multo

113 2943 120 2956 ¹
179 2955 331 3037 ingratior,
351 2955 382 3012 in
405 2955 459 3013 hac
479 2955 566 3013 etiam
586 2954 726 3023 versione,
747 2976 834 3033 quam
858 2955 917 3014 suis
937 2966 980 3015 est
1002 2956 1034 3015 in

180 3077 283 3156 lingua
295 3074 450 3134 vernacula
462 3073 656 3153 popularibus.

221 3191 271 3251 Ex
294 3192 440 3272 promisso,
461 3181 660 3250 annotationes
681 3192 771 3270 ipsius
794 3194 916 3252 auctoris
936 3193 1033 3285 subje-

181 3311 274 3370 cimus
287 3309 443 3390 pancnlas3
464 3310 574 3369 coeteris
587 3330 620 3369 eo
633 3310 752 3370 concilio
764 3313 886 3382 omissis,
900 3331 937 3372 ne
950 3314 1033 3373 nimii
