2408 4252
429 405 606 447 momatur
621 405 770 447 aoussrm.
968 386 1025 457 137

181 541 280 622 Tuque
293 555 419 623 tuusque
432 545 511 604 canis
525 544 549 604 si
563 565 614 603 nos
629 544 738 612 riaetis,
753 554 877 622 uterque

213 648 299 707 Grati
312 649 393 708 eritis
405 649 497 717 nobis,
510 659 602 726 tuqus
614 659 742 726 tuusque
756 649 842 706 ranis.

180 748 261 810 Mille
275 751 371 812 damas
384 752 478 822 adeas,
493 762 523 811 et
537 773 594 810 non
607 752 733 830 ignobile
745 771 851 811 munus

213 853 324 928 (Nulla
336 856 432 925 miuus
445 854 549 933 solido)
564 855 635 915 dent
648 855 703 914 tibi
715 855 796 914 milla
809 854 911 914 domus

176 956 329 1037 Quemque
346 959 453 1018 bonum
470 969 593 1038 exoptas
615 959 706 1022 nobis,
725 958 889 1037 latumque
902 959 1027 1018 Decem-

214 1061 289 1121 Esto
301 1063 355 1122 tibi
368 1064 476 1141 pariter
488 1063 582 1126 latus.
597 1073 627 1122 et
640 1072 703 1122 esto
715 1063 816 1122 bonus.
917 1059 1026 1138 [brem

364 1776 414 1834 IN
434 1775 608 1836 OBITUM
630 1775 832 1845 ROUSSAEL

247 1950 407 1993 coruram
421 1919 614 1994 unrmrrarrs
628 1955 725 1995 suavi
741 1952 761 1992 A
775 1951 957 2003 oua1cuu1s,

506 2057 594 2098 sumo
610 2037 695 2109 1721.

178 2190 274 2252 Auum
289 2195 414 2265 Charon,
427 2194 509 2269 (nam
522 2196 639 2256 taudem
653 2217 761 2265 omnes,
775 2197 826 2275 qui
839 2195 984 2255 nascimur
997 2206 1027 2256 et

212 2297 245 2355 N
245 2318 384 2368 assamur,
398 2309 451 2358 tua
463 2320 514 2359 nos
527 2301 629 2378 cymba
641 2301 793 2379 aliquando
805 2303 929 2380 manet,)
959 2299 1028 2380 [qui

178 2398 232 2459 Per
245 2400 323 2479 ripas
335 2402 380 2461 fer
393 2402 500 2461 circum
514 2385 620 2473 saulus,
634 2425 789 2482 omnesque
802 2425 919 2464 recense

213 2503 330 2573 Manes,
344 2504 381 2564 ad
395 2504 512 2583 Stygias
525 2507 575 2585 qui
588 2507 784 2584 glomerantur
798 2529 905 2586 aquas3

177 2605 319 2685 Prospica,
333 2607 358 2666 si
372 2628 494 2666 crassam
507 2610 566 2668 fors
578 2609 775 2688 exploraveris.
784 2613 925 2682 umbram,

213 2710 283 2769 Non
297 2720 342 2770 est
355 2711 387 2769 in
400 2722 461 2770 toto
474 2713 591 2772 crassior
605 2715 707 2772 umbra
720 2714 789 2772 loco.

174 2813 349 2873 Luctantem
363 2836 472 2885 cernes,
487 2814 652 2895 adimasque
665 2818 734 2876 hinc
746 2817 815 2877 inde
827 2817 952 2880 minores

211 2917 403 2988 Turbantam,
417 2930 452 2979 ut
465 2921 562 2980 cubito
575 2920 683 2998 pandat
697 2930 819 2998 utroque
833 2921 918 2979 viam.

176 3019 333 3099 Squalidus
346 3033 376 3082 et
389 3023 506 3102 pinguis
519 3034 608 3093 totus,
623 3024 677 3082 tibi
690 3023 790 3082 navita
803 3024 935 3084 dextram

212 3124 339 3196 Tendet‚
353 3125 391 3186 ad
406 3126 502 3205 Elysii
515 3127 703 3205 trajiciendus
716 3148 806 3205 agros.

173 3214 254 3287 ‘Dum
267 3229 352 3299 vixit,
368 3229 522 3290 Raussoeus
536 3241 608 3299 erat,
623 3230 713 3289 nostri
727 3229 823 3289 accola
836 3229 930 3298 Cauri,

214 3331 311 3404 Quem
325 3351 446 3412 puerum
461 3333 551 3402 novit,
565 3319 646 3392 uovit
659 3344 689 3392 et
702 3332 782 3392 unda
794 3351 901 3391 senem.
