2408 4252
287 410 433 458 nonanus
448 409 628 451 Paeanem
643 411 686 450 aa
701 410 917 451 aasamuaoa.
976 393 1033 462 177

331 897 427 956 NON
448 898 511 968 as,
524 872 654 969 'QUOD
676 897 876 956 emmas.

172 1055 273 1114 Anam
288 1056 384 1115 focum
397 1055 540 1142 nutatque
553 1066 583 1116 et
597 1055 709 1114 lumina
722 1055 830 1115 claudit
844 1056 965 1116 herilem
1008 1048 1010 1052 ¹

216 1159 260 1218 Et
273 1159 398 1238 stupida,
413 1170 443 1219 et
457 1159 543 1219 vultu
556 1160 639 1228 seria,
653 1159 720 1218 felis
734 1179 822 1218 anus:

174 1262 233 1338 Nil
246 1282 281 1322 ea
292 1262 391 1322 lascivi
404 1263 496 1322 saltus
509 1263 672 1328 meminisse
686 1262 802 1321 videtur
809 1285 820 1333 ;

215 1367 321 1436 Imaus,
336 1366 360 1426 si
374 1377 495 1445 spectes,
510 1366 553 1424 nil
562 1365 701 1444 juvenilis
714 1366 820 1436 habet;

175 1468 237 1529 Sed
249 1490 346 1548 grave,
360 1470 412 1529 sed
424 1470 551 1549 prudens
564 1470 704 1548 quamvis,
719 1479 888 1548 castumque
900 1481 1011 1538 tuetur,

216 1573 356 1642 caudam,
371 1593 436 1632 cum
450 1584 566 1652 tempus
579 1573 646 1642 fert,
660 1572 769 1652 agitare
782 1583 886 1651 potest.

177 2250 382 2311 OCEANUS
402 2251 647 2311 PRAEDATOR
666 2251 723 2309 ET
743 2248 1028 2309 RESTITUTOR.

177 2408 312 2468 Assum
325 2409 460 2468 Oceanus
472 2420 563 2468 terras
576 2409 644 2467 hina
657 2409 726 2467 inde
736 2410 886 2486 jaeentee;

217 2513 350 2572 Excavat
364 2522 394 2571 et
407 2513 493 2591 ripas,
508 2512 610 2572 subtus
624 2512 744 2580 edendo,
759 2510 862 2572 salum.

178 2615 221 2675 At
235 2636 330 2694 neque
343 2616 522 2675 eontrahitur
535 2615 624 2674 tellus
637 2615 780 2674 subducta
792 2616 910 2694 rapinis,

216 2719 261 2778 At
276 2738 369 2797 neque
383 2718 417 2778 fit
431 2719 517 2778 furtis
531 2719 640 2778 auctior
653 2718 731 2780 unda
744 2719 813 2777 suis.

180 2823 257 2882 Nam
271 2834 353 2901 parte
367 2813 474 2903 exalia
487 2823 630 2893 desertam
644 2821 777 2882 extendit
790 2842 906 2881 arenam
958 2837 960 2840 ⁴

216 2927 328 2996 Littus‚
342 2938 371 2986 et
387 2947 403 2985 e
417 2925 519 2985 mediis
532 2926 628 2984 insula
641 2926 743 2984 crescit
757 2926 848 3004 aquis.

182 3029 233 3088 Nil
246 3029 362 3108 prodest
375 3029 498 3098 lucrum,
514 3030 560 3088 cui
575 3029 680 3087 damna
693 3028 831 3107 aequalia:
853 3023 925 3087 fiaes

218 3133 352 3192 Oceanus
365 3144 469 3202 mutat,
484 3133 535 3199 sed
549 3153 684 3211 superare
697 3133 808 3211 nequit.
