2408 4252
339 383 491 427 urrisun
506 382 566 425 rer
580 381 776 432 convivium,
790 382 861 422 sss.
969 361 1028 432 247

299 720 508 780 OPTIMUM
530 717 611 777 EST
632 717 898 789 CONVIVIUM‚

221 878 270 937 IN
290 874 411 950 QUOD
433 875 695 937 CHORAULES
716 876 812 935 NON
832 872 980 936 VENIT.

176 1037 299 1096 Messe
311 1035 484 1103 instauravit
497 1033 622 1101 Macedo
632 1033 765 1100 convivis
776 1035 877 1104 victor,

214 1137 340 1218 Adjuvit
353 1141 443 1199 festas
456 1148 486 1201 et
500 1137 647 1203 citharista
661 1136 765 1216 depes:

178 1242 311 1303 Heroum
325 1243 430 1310 cecinit
443 1241 530 1309 simul
543 1241 595 1307 ille
607 1241 738 1320 iugentia
750 1241 828 1310 festa

216 1345 371 1426 Argivsm,
385 1347 417 1405 in
432 1345 528 1407 Persis
540 1344 591 1423 qui
604 1343 733 1411 cecidere
745 1343 852 1424 plagis:

176 1449 297 1511 Exarsit
305 1449 432 1528 juvenis,
447 1447 567 1515 dederat
580 1468 650 1526 ques
665 1447 809 1517 Musaue,
823 1447 892 1535 iris3
1019 1497 1027 1510 .

216 1553 282 1614 Nec
295 1552 424 1633 longum,
439 1551 591 1621 exclamat,
605 1550 696 1611 victor
709 1548 821 1616 inultus
835 1570 891 1613 ero.

177 1655 220 1716 Et
233 1655 317 1715 triste
330 1676 346 1715 o
359 1655 487 1715 facinus!
510 1653 670 1733 Persepolis
683 1652 735 1711 ille
748 1664 870 1713 venuste

217 1759 295 1820 Urbs
307 1759 376 1830 fuis,
390 1758 513 1839 aequevit
526 1777 613 1837 quam
625 1755 801 1817 citheroedus
814 1756 910 1816 humo.

543 2066 662 2088 ..φη-ι-

564 2331 813 2376 ——sssrrossrs

394 2453 439 2496 res
456 2451 581 2508 mess,
597 2449 694 2495 csvs.

177 2598 344 2659 Comere
358 2597 466 2675 exigui,
481 2595 532 2655 sed
545 2595 642 2672 magui
656 2603 701 2657 est
714 2595 838 2655 nominis
851 2606 958 2665 auster,

218 2701 316 2774 Quem
330 2709 417 2763 vexat
430 2700 555 2779 scriptus
569 2719 626 2763 non
639 2699 681 2758 ita
693 2719 782 2778 parva
794 2718 905 2761 manus.

179 2805 235 2865 Ille
249 2805 301 2865 diu
313 2804 430 2874 tacitus,
444 2803 495 2865 sed
508 2823 566 2863 non
579 2802 761 2882 perterritus,
775 2803 847 2863 irem
960 2863 965 2871 ,

218 2907 337 2986 Ingenti
350 2917 458 2972 tectam
471 2915 586 2986 pectore
599 2904 771 2975 dissimulet.

180 3011 229 3070 Ex
242 3010 396 3090 impreviso
408 3030 474 3069 cum
487 3008 605 3069 tandem
619 3009 749 3068 Duncias
762 3010 822 3068 exit
828 3032 838 3081 ,·

219 3115 315 3175 Bilem
329 3114 417 3175 hebet
430 3124 460 3173 et
473 3123 562 3183 totus,
576 3112 626 3182 fel,
640 3112 788 3192 aloenque,
802 3113 891 3174 liber:

179 3219 297 3279 Dixerit
310 3229 345 3278 ut
357 3219 485 3277 monitus
497 3216 602 3296 quivis,
615 3214 722 3276 laesisse
734 3216 881 3296 gigantem

219 3322 336 3392 Tutius,
349 3322 488 3401 exiguum
501 3340 587 3400 quam
601 3320 731 3399 tetigisse
743 3321 847 3380 virum.
