2408 4252
278 367 336 425 186
540 387 582 426 nn
598 387 783 427 rsumcuus
798 388 871 428 aur.

320 936 511 1000 LOCKIUS
534 936 629 994 NON
653 935 797 994 RECTE
823 936 1013 996 STATUIT
1035 937 1098 997 DE

379 1092 628 1152 PARTICULA
650 1092 910 1152 ANGLICANA
932 1094 1030 1152 BUT.

275 1253 350 1312 Nou
364 1274 429 1311 mea
442 1253 573 1312 victrices
586 1251 695 1315 laurus,
710 1252 836 1329 insignia
849 1253 929 1320 belli,

276 1357 376 1424 Musa,
389 1376 443 1415 nec
456 1366 562 1434 optatae
575 1375 669 1414 ramos
683 1355 839 1432 praetendit
852 1355 953 1424 clivoe3

276 1459 485 1519 Grammaticus
499 1459 607 1518 ambire
620 1459 714 1518 tribus
727 1469 758 1517 et
771 1459 886 1536 pulpita
899 1480 993 1536 cogor,

275 1564 392 1623 Ludere
405 1563 566 1642 particulis,
580 1574 610 1622 et
624 1562 709 1641 nugis
723 1562 829 1622 addere
842 1562 965 1640 pondus,

276 1666 441 1744 Orbiliique
454 1667 562 1725 iterum
576 1666 703 1744 pendere
716 1666 863 1745 loquentis
876 1667 912 1724 ab
925 1686 983 1734 ore,

276 1769 551 1849 Discipulorumque
564 1771 642 1828 inter
657 1769 776 1848 paulum
790 1769 921 1828 habitare
934 1770 1100 1831 cathedras

314 1874 479 1933 Verborum
494 1874 613 1932 miseros
628 1873 698 1931 dum
711 1872 873 1951 deploravit
886 1874 995 1932 aborsus

276 1977 413 2045 Loelrius,
428 1977 545 2035 amissas
558 1997 689 2045 veneres,
704 1986 853 2055 artemque
865 1976 1002 2056 loquendi

277 2080 460 2158 corruptam,
475 2090 622 2158 tantaque
635 2080 712 2139 ultro
725 2080 915 2139 medicamina
928 2082 1006 2160 pesti

276 2183 407 2243 Attulit:
429 2183 598 2261 imprudens
612 2185 732 2262 impune
746 2183 869 2242 evadere
882 2184 949 2243 sivit

278 2286 454 2346 Particulam
463 2286 546 2355 hanc,
556 2287 690 2365 dirusque
697 2287 728 2344 in
737 2286 858 2364 vulgum
869 2307 1005 2366 spargere
1015 2298 1140 2367 strages.

278 2389 386 2450 Dulcia
398 2390 469 2469 quid
481 2411 637 2449 memorem
650 2391 781 2450 convivia
794 2392 886 2450 mixta
899 2391 1042 2461 tumultu,

279 2491 490 2572 Extinctosque
503 2493 595 2572 ignes,
610 2493 773 2572 violataque
784 2494 895 2553 foedera
907 2495 1034 2554 amoris?

189 2602 191 2606 ⁴
317 2595 388 2654 Non
402 2608 519 2656 centum
533 2597 641 2676 linguis
655 2597 805 2657 mendacia
817 2598 902 2676 plura
914 2597 962 2682 rel
974 2599 1039 2676 ipsa

279 2699 369 2758 Fama
384 2701 483 2769 refert,
498 2699 558 2760 leni
572 2721 659 2780 quam
672 2702 733 2760 hac
746 2701 857 2779 syllaba
870 2722 945 2780 sape
957 2722 1091 2763 susurro.

278 2803 427 2862 Nimirum
441 2805 495 2864 hoc
507 2804 601 2864 telum
614 2813 669 2873 est',
683 2825 740 2882 quo
753 2805 830 2863 facta
842 2804 967 2882 insignia
980 2805 1069 2875 livor,

278 2905 501 2985 Quoesitumquc
515 2907 602 2967 decus
614 2908 735 2976 meritis,
750 2918 780 2967 et
794 2907 882 2986 digna
894 2919 1003 2985 tropaea

278 3010 419 3088 Impetit;
441 3011 615 3090 abrumpens
628 3031 798 3080 sermonem,
814 3010 885 3071 dum
898 3013 1007 3089 premit
1020 3013 1109 3077 intus

278 3111 429 3190 Reliquias
441 3113 510 3182 odii,
523 3115 670 3192 taciteque
683 3114 813 3193 loquacia
826 3115 919 3174 verba.

278 3216 377 3275 Zoilus
391 3217 504 3295 aspexit
518 3218 543 3276 si
557 3218 631 3277 forte
644 3223 777 3296 po'e‘mata
791 3217 906 3287 Garthi,

278 3318 310 3390 O
319 3331 462 3397 quantum
475 3321 642 3400 ingenium!
664 3322 823 3392 exclamat;
847 3323 898 3380 red
911 3322 1021 3383 dicitur
1034 3323 1131 3385 ille·-
