2408 4252
428 429 584 469 annuens
600 427 693 480 uoto,
709 429 779 468 unc.
972 409 1030 468 209

504 816 701 875 BOMBYX.

175 973 263 1031 Fran
278 956 332 1032 sub
345 925 459 1052 Aprilis
473 974 606 1052 Bombyx
620 973 786 1032 excluditur
800 993 861 1040 ovo,

216 1075 344 1155 Reptilis
357 1077 462 1155 exiguo
475 1094 590 1156 corpore
603 1075 787 1136 vermiculus.

178 1179 342 1240 Frondibus
355 1179 423 1239 hinc
435 1180 517 1249 mori,
531 1179 634 1239 volvox
648 1178 718 1238 dum
732 1178 783 1237 fiat
797 1177 923 1246 adultus,

218 1283 359 1343 Gnaviter
372 1284 550 1352 incumbens,
565 1283 635 1342 dum
649 1282 781 1349 satietur,
796 1280 866 1340 edit.

177 1384 340 1446 crescendo
354 1386 514 1465 adjustum
528 1407 594 1445 cum
604 1387 667 1465 jam
679 1385 821 1444 maturuit
835 1406 938 1455 aevum,

218 1488 327 1568 Incipit
340 1488 443 1549 artifici
456 1490 580 1549 stamine
592 1500 688 1549 textor
702 1509 789 1568 opus:

180 1592 302 1671 Pilaque
316 1592 492 1653 condensans
505 1592 572 1662 filis,
586 1594 682 1653 orbem
697 1593 826 1671 implicat
839 1593 910 1660 orbi,

221 1695 263 1755 Et
276 1695 383 1755 sensim
396 1696 428 1755 in
440 1695 518 1775 gyris
532 1695 664 1755 conditus
677 1696 739 1774 ipse
752 1695 834 1754 latet.

180 1797 275 1876 Inque
288 1797 352 1856 cadi
365 1807 487 1857 teretem
502 1798 622 1858 formam
635 1819 666 1858 se
679 1795 799 1878 colligit,
814 1799 892 1858 unde

221 1900 384 1979 Egrediens
396 1920 506 1980 pennas
519 1901 670 1980 papilionis
683 1902 790 1971 habet3

182 2003 290 2082 Fitque
303 2023 408 2082 parens
421 2004 549 2073 taudem,
564 2005 725 2083 foetumque
738 2005 854 2084 reponit
866 2005 902 2063 in·
911 2005 989 2076 ovis;

222 2107 287 2166 Hoc
301 2105 418 2166 demum
431 2118 561 2168 extremo
573 2128 692 2167 munere
705 2109 834 2179 functus,
848 2110 917 2170 obit.

181 2209 334 2288 Quotquot
347 2211 379 2270 in
392 2212 445 2270 hac
458 2220 556 2270 nostra
569 2211 679 2289 spirant
693 2211 827 2271 animalia
840 2222 927 2281 terro,

222 2312 308 2371 Nulli
321 2325 365 2372 est
380 2313 426 2372 vel
439 2314 552 2373 brevior
565 2314 635 2385 vita,
649 2313 696 2372 vel
710 2314 818 2374 utilior.
901 2387 903 2391 η

254 2725 465 2785 REGNARE
487 2725 615 2795 NOLO,
637 2725 770 2785 LIBER
793 2726 850 2784 UT
872 2727 966 2785 NON

505 2884 582 2943 SIM
603 2884 718 2943 MIHI.

182 3041 265 3100 Inus
278 3063 332 3119 ego
346 3040 421 3114 (hoec
433 3062 545 3101 musam
558 3042 678 3102 memini
691 3041 827 3101 cecinisse
837 3042 976 3120 jocosam)

226 3144 352 3223 Pauper,
367 3156 397 3205 et
411 3167 427 3205 a
441 3147 524 3204 cunis
537 3145 727 3205 claudus-et
743 3145 809 3202 Irus
822 3164 879 3203 ero.

182 3248 243 3308 Est
257 3249 328 3307 mihi
341 3249 449 3309 tibicen
463 3249 585 3327 lignum,
600 3248 676 3328 quod
691 3248 781 3308 cruris
795 3249 902 3326 iniquis

226 3352 390 3423 (irensibus,
405 3353 528 3412 officium
541 3363 729 3432 praestat-et
744 3353 812 3410 Irus
825 3373 881 3410 ero.

783 3477 802 3512 u
