2408 4252
179 387 238 446 224
367 406 493 447 vuuous
507 403 574 445 nors
589 406 723 466 seusun
738 407 849 446 vrnnn.

460 768 575 811 -'·-sl
593 768 733 811 PROPIUS
748 769 835 826 STES,

376 913 419 956 TE
435 913 555 956 CAPlET
571 913 776 956 ulnus—-

179 1058 325 1116 Lounrru
340 1055 377 1114 ad
390 1067 507 1134 pontem
519 1077 609 1132 prono
622 1077 688 1116 cum
702 1057 826 1117 labimur
837 1078 934 1128 amne,

219 1159 315 1232 Quam
328 1169 381 1218 tua
393 1159 444 1219 dat
457 1160 546 1220 turris
560 1160 655 1230 dulce,
671 1161 776 1230 Maria,
791 1161 899 1220 melos!

126 1261 129 1268 ’
180 1263 223 1322 Ut
237 1273 331 1322 servat
342 1263 456 1340 justum
469 1264 578 1342 quavis
591 1284 729 1343 campana
741 1266 889 1324 tenorem!

220 1365 341 1425 Pulsate
354 1377 388 1424 ut
401 1367 487 1426 variis
501 1368 654 1426 contremit
668 1388 737 1426 aura
749 1369 842 1426 sonis!

180 1469 212 1527 N
213 1490 246 1529 ec
258 1490 346 1538 mora,
360 1488 414 1528 nec
427 1470 560 1548 requies3
581 1470 657 1548 ripas
671 1471 856 1530 concentibus
869 1470 984 1550 implet,

218 1573 377 1655 Alternsns
390 1572 495 1632 hilares
509 1574 748 1651 ingeminansque
761 1573 846 1632 vices.

179 1677 247 1749 Quo
259 1676 351 1754 magis
364 1676 502 1746 abscedis,
516 1687 613 1736 tentat
626 1677 803 1736 numerosior
817 1697 918 1736 aurem
930 1732 934 1741 „

218 1780 335 1839 Musica
343 1801 353 1850 3
374 1779 510 1839 letantur
522 1779 615 1850 corda,
631 1779 754 1858 salitque
764 1780 857 1857 jecur.

179 1882 309 1942 Talisab
322 1883 470 1942 harmonia
482 1884 576 1961 surgit
589 1883 717 1943 distante
730 1883 883 1961 voluptas>

219 1985 273 2044 Sin
285 1985 389 2046 turrim
403 1987 538 2055 introeas,
552 1987 648 2046 omnia
662 1987 777 2064 clangor
790 1986 854 2046 erit.

274 2457 447 2516 VULGUS
468 2457 563 2522 NON
585 2457 767 2516 RECTUM
789 2457 939 2518 VIDET.

179 2615 215 2674 S1
230 2615 341 2674 discum
354 2613 422 2673 solis
435 2615 512 2673 lunas
525 2615 710 2693 interceperit
723 2615 808 2684 orbis,

219 2717 322 2791 (Quod
334 2737 430 2776 rarum
443 2737 501 2775 non
516 2728 560 2776 est
574 2716 669 2775 dicere
682 2717 906 2794 phaenomenon)

178 2823 266 2881 Vitra
279 2821 379 2880 statim
392 2821 539 2879 infuscant
553 2819 627 2878 alter
640 2819 801 2898 speculator
813 2830 844 2879 et
857 2819 944 2890 alter,

218 2925 283 2984 Nee
295 2934 415 3003 possunt
429 2944 544 3002 prorsus
558 2922 738 2982 dissimulare
754 2933 875 2981 metum.
917 2957 920 2962 -
972 2935 977 2945 ·

179 3029 222 3086 At
235 3028 270 3096 si,
284 3025 362 3105 quod
374 3027 451 3094 bino,
467 3026 542 3104 quod
555 3027 633 3084 trino
645 3023 725 3083 haud
738 3025 841 3084 accidit
855 3047 926 3096 sevo,

219 3126 407 3189 Horrendum
420 3129 505 3207 longo
518 3131 598 3188 crine
611 3140 721 3188 cometa
734 3130 836 3199 rubct;

179 3233 267 3305 Quod
279 3253 337 3291 non
349 3231 513 3310 prodigium
527 3232 588 3291 caeli
600 3233 662 3290 haec
675 3230 832 3292 denunciat
845 3233 890 3292 ira
902 3236 908 3291 !

218 3337 375 3396 Interitum
389 3336 499 3405 muudi,
510 3335 672 3414 judiciique
686 3335 779 3394 diem!
839 3357 840 3360 ¹
