2408 4252
177 399 218 459 22

440 417 579 475 HYMNUS
593 418 769 460 SECUNDUS.

255 557 394 635 Recogita
406 576 530 627 mecum,
544 557 639 617 anima
653 577 726 628 mea,
740 559 876 636 recogita,

149 714 151 725 ‚
256 661 384 720 Horrore
396 681 453 740 quo
466 660 607 740 perculsa,
621 662 704 740 ponti
718 659 825 736 videris

257 764 320 823 Imo
333 785 369 824 ex
383 765 450 825 sinu
463 764 674 843 profunditates
689 775 796 834 erutas,
981 834 982 837 Ἴ

256 869 431 946 Montesque
445 868 586 928 fluctuum
600 868 786 929 imminentes
802 870 966 930 montibus!
1056 893 1058 898 ’

177 1040 184 1052 ’
257 1051 294 1109 In
307 1071 356 1109 ore
369 1051 468 1129 quovis
481 1050 606 1128 pallidus
619 1049 694 1111 sedit
708 1062 818 1130 stupor,

257 1155 293 1212 ln
308 1154 392 1214 corde
404 1154 504 1232 quovis
517 1153 617 1214 consili
631 1155 776 1233 impotens
788 1165 894 1226 metus,

258 1257 334 1316 Cum
348 1255 501 1319 devolutus
514 1278 619 1336 gurges
633 1259 710 1318 intra
722 1259 868 1336 gurgitem

257 1361 376 1420 Victum
389 1362 589 1439 gubernatoris
603 1372 695 1422 artem
709 1361 819 1423 luserit,

258 1541 317 1603 Sed
330 1543 442 1603 salvum
455 1553 485 1602 et
498 1543 621 1602 illaesum
634 1544 711 1602 inter
723 1545 784 1602 haec
797 1544 927 1622 pericula

259 1647 385 1706 Paterna
398 1658 450 1707 tua
463 1667 510 1707 me
523 1646 651 1707 reddidit
666 1648 828 1716 clementia,

258 1750 339 1810 Dum
352 1772 382 1810 se
395 1751 505 1828 recepit
520 1750 616 1809 anima
628 1771 738 1810 numen
751 1751 788 1810 ad
801 1761 896 1821 tuum,

257 1854 372 1914 Confisa
385 1854 556 1913 humillimae
569 1874 687 1933 precum
700 1855 852 1914 violentiae.

257 2037 409 2115 Praerupta
422 2057 560 2115 aquarum
574 2036 605 2094 in
619 2045 717 2096 monte
731 2057 796 2096 cum
810 2035 1012 2115 pependimus,

256 2141 405 2219 cavasque
418 2140 509 2200 valles
522 2140 606 2200 ardui
620 2139 812 2218 despeximus,

257 2242 379 2303 Servare
393 2244 460 2303 novi
473 2254 504 2302 te
518 2253 667 2320 potentem
681 2243 816 2312 maxime,

259 2347 325 2407 Nec
338 2346 483 2426 supplices
497 2346 596 2406 audire
609 2358 782 2426 praesentem
795 2346 901 2407 minus.
997 2397 1003 2409 .

257 2529 387 2590 Procella
400 2530 492 2599 siluit,
507 2529 587 2589 dicto
600 2529 735 2589 obediens
748 2542 801 2590 tuo

257 2634 375 2693 Ventus
387 2635 515 2703 recessit,
529 2633 645 2693 reddita
658 2644 703 2694 est
715 2634 931 2714 tranquillitas;

256 2737 299 2796 Et
314 2757 419 2815 aequor,
433 2738 595 2816 imperante
608 2747 649 2808 te,
663 2738 741 2817 quod
753 2739 855 2808 saeviit,

257 2839 340 2899 Idem
354 2838 438 2909 illud,
453 2840 615 2920 imperante
628 2854 669 2912 te,
684 2842 823 2903 desaeviit.

256 3021 294 3080 In
307 3021 388 3081 mille
400 3034 562 3084 versantem
577 3025 685 3103 asperis
698 3024 843 3084 laboribus

193 3133 195 3136 '
257 3125 312 3185 Me
324 3126 456 3205 protinus
466 3126 581 3204 juvabit
595 3138 625 3188 et
639 3128 777 3188 solabitur

258 3227 362 3289 Suavis
375 3230 502 3291 recensio
515 3241 558 3291 tot
572 3240 820 3302 ante-munerum,

257 3332 445 3412 Humilisque
458 3331 588 3412 plurium
602 3346 632 3397 et
645 3337 694 3415 pia
707 3335 879 3415 expectatio.
