2408 4252
500 395 693 438 semorum.
965 379 1025 450 287

209 540 326 597 Bestow
339 560 356 596 a
368 547 449 606 tenr;
471 556 522 596 nor
536 537 621 596 think
635 538 689 616 thy
703 554 807 596 sorrow
821 535 886 606 lost,

208 641 352 710 Another,
367 641 426 699 and
439 641 569 705 number.
583 641 686 699 should
700 641 725 700 it
738 651 814 699 cost:

209 744 274 804 Tne
287 743 348 803 rea}
360 744 453 804 worth
466 744 499 801 of
509 743 604 802 virtue
618 745 697 802 ne'er
710 744 737 801 is
747 742 866 812 known,

210 845 271 904 Till
284 846 409 905 ravish'd
423 846 498 904 from
510 843 610 905 before
622 864 674 905 our
687 864 766 925 eyes,
779 846 836 904 and
850 866 932 923 gone.

529 972 589 1033 She
605 973 673 1033 died

403 1077 529 1138 October
543 1075 572 1147 5,
587 1094 789 1137 muccxxxrx.

489 1179 576 1259 Aged
593 1197 707 1239 xxxvi.

385 1666 530 1723 Pnncrun
545 1666 648 1724 subtus
660 1666 815 1743 requiescit

374 1769 394 1826 J
396 1788 550 1828 osannae
566 1769 728 1838 Hsnwnu,
742 1767 825 1826 Arm.

371 1873 558 1932 Suavioribus
570 1892 717 1931 musarum
730 1873 836 1932 studiis

173 1975 305 2049 (Quibus
319 1996 471 2054 nusquam,
486 1996 523 2035 ne
537 1977 568 2034 in
581 1975 681 2035 castris
693 1974 820 2054 quidem,
834 1977 1030 2055 renunciavit)

299 2080 335 2137 In
350 2079 446 2138 schola
458 2081 586 2158 primum
600 2079 905 2139 westmonasteriensi

355 2182 523 2242 Clarissimo
535 2182 710 2243 instituente
725 2183 850 2251 Busbao,

200 2288 204 2293 ’
298 2286 341 2346 Et
355 2286 460 2345 deinde
473 2286 505 2344 iu
518 2285 663 2344 academia
676 2286 910 2365 Cantabrigiensi

532 2393 701 2452 Innutritns
709 2414 718 2463 3

410 2494 599 2555 Gravioribus
611 2495 682 2554 belli
695 2496 801 2567 tediis,

491 2598 721 2678 Auspicnntibus

335 2704 370 2759 In
388 2701 525 2761 Flandria
538 2702 729 2762 invictissimo
740 2703 871 2783 principe

393 2805 528 2864 Johanne
542 2805 699 2864 Marlburii
716 2805 808 2874 Duce,
891 2831 899 2843 ·

374 2909 410 2967 In
425 2907 569 2988 Hispania
582 2908 738 2968 fortissimo
750 2909 836 2968 heroe

399 3012 502 3071 Carolo
516 3010 690 3090 Petroburgi
704 3013 809 3072 comite

502 3116 707 3175 Exercitstus:

416 3219 453 3277 In
466 3221 599 3279 omnibns
612 3220 681 3279 vitae
695 3220 794 3280 officiis

260 3378 263 3383 .
386 3323 462 3380 Cum
477 3323 599 3400 publicu
613 3334 677 3382 tum
691 3324 822 3402 privatae,
