2408 4252
479 386 616 445 annuae
631 401 783 442 nnnnrne.

220 546 293 606 Mea
305 544 374 614 vita,
388 543 479 604 vitam
491 543 517 602 ai
530 563 624 603 meam
637 542 801 624 dignaberis

222 648 354 719 Servare,
369 648 433 718 tibi,
447 647 468 706 J
469 647 569 718 ehava‚
584 645 794 706 consecrabitur
801 667 811 715 ;

221 753 264 812 Et
277 773 363 823 mara,
377 752 478 812 futura
490 751 632 830 siquidem
646 760 690 810 eat
702 769 778 808 mors
791 748 893 827 portio,

222 855 360 916 Animam
373 876 468 915 meam
480 855 535 915 tibi
549 853 600 914 soli
614 853 770 914 adunatam
784 851 872 912 dabit.

403 1335 594 1404 HYMNUS
615 1343 813 1404 TERTIUS.

224 1500 356 1560 Manius
369 1500 557 1560 resuscitatus
570 1520 588 1558 a
600 1499 752 1568 cubilibus,

224 1603 312 1663 Noxa
323 1603 477 1663 obvolutus
489 1612 569 1662 totus
582 1612 612 1663 et
626 1613 708 1662 metu
718 1603 850 1672 cbmtua,

226 1705 329 1766 Caram
342 1707 393 1766 ubi
407 1707 526 1765 creatori
540 1727 603 1766 mec
616 1706 718 1766 obvius
731 1705 828 1776 dabar,

227 1809 301 1882 Quis
313 1812 348 1870 o!
369 1809 504 1892 videbor!
526 1831 583 1887 quo
594 1810 703 1889 pudore
717 1812 869 1890 contegar!

227 2017 325 2096 Siquis
337 2017 498 2077 remissioni
513 2017 607 2077 adhuc
619 2028 709 2078 restat
723 2017 812 2088 locus,

226 2120 290 2180 Nec
304 2140 377 2191 aera,
392 2121 516 2179 nimium
528 2141 601 2190 aera,
615 2121 789 2200 poenitentia
804 2131 865 2191 est3

225 2223 359 2285 Labascit
372 2224 487 2284 horrore
501 2225 606 2295 anima,
619 2235 649 2284 et
662 2225 694 2283 iu
707 2245 769 2285 sese
782 2226 869 2304 fugit,

227 2327 267 2388 Et
280 2328 433 2407 cogitando
446 2341 624 2407 praegravata
637 2329 799 2389 contremit.

231 2535 308 2595 Cum
321 2548 362 2605 te,
377 2535 499 2606 Jebova,
514 2536 621 2596 vesties‘
633 2537 801 2605 terroribus,
860 2551 864 2558 ’

225 2639 277 2709 Et,
292 2660 346 2719 pro
358 2639 497 2699 tribunali
510 2641 624 2709 sedens,
638 2641 810 2701 acmtaberia

228 2742 368 2803 Omiserit
382 2764 447 2822 quae
460 2745 591 2824 quiaque,
607 2765 671 2823 quac
685 2741 868 2815 commiserit,

174 2866 182 2889 ·
227 2846 348 2919 Quian!
370 2846 504 2906 videbor!
527 2869 583 2926 quo
595 2847 705 2926 pudore
720 2851 872 2925 contegar!

228 3055 326 3115 Menti
339 3054 391 3115 sed
404 3076 499 3134 agrae,
514 3056 667 3115 criminum
681 3075 768 3133 quam
782 3057 916 3134 poenitct,

230 3157 361 3236 Hujuace
374 3169 408 3218 tu
421 3159 573 3238 promissor
586 3180 617 3218 es
631 3158 736 3229 solatii,

230 3260 316 3332 Quod
328 3261 519 3341 lacrymarum
532 3263 627 3322 lenius
640 3262 789 3342 piaculum

232 3363 387 3426 Poenamm
401 3367 544 3427 acerbiora
558 3365 768 3446 deprecabitur.

991 379 1030 475 25
