2408 4252
182 389 238 448 156
450 407 491 446 an
506 406 765 447 nnnrrsrrrnxunr.
821 422 824 427 ·

353 800 355 807 '
391 792 451 851 AD
474 791 822 852 HEEMSKIRKUM.

179 953 317 1010 Fnsrrvr
331 950 441 1029 ingenii
455 950 609 1029 multique,
625 950 832 1020 Heemskirke,
847 949 969 1027 leporis!

179 1056 326 1114 Pictorum
340 1054 474 1133 princeps
488 1053 683 1112 Batavorum!
706 1064 740 1112 ut
753 1063 840 1131 teque
854 1063 976 1130 tuosque

178 1158 283 1217 Mirari
293 1158 387 1234 juvat,
401 1168 432 1215 et
444 1156 504 1215 riau
518 1156 635 1216 laudare
648 1157 774 1216 labores!

178 1262 227 1321 Tu
240 1259 333 1330 modo,
347 1270 382 1319 tu
395 1260 509 1319 veniam
522 1261 638 1320 conanti
650 1259 805 1319 indulseris
818 1279 940 1336 aequam,

179 1366 269 1424 Binas
283 1385 299 1424 e
312 1363 423 1432 multis,
437 1363 462 1422 si
475 1363 533 1422 fors
546 1363 707 1422 imitamine
720 1364 819 1442 possit,

179 1468 349 1527 Transferre
363 1467 394 1524 in
407 1467 534 1525 chartam
547 1477 644 1526 tentat
657 1486 721 1525 mea
734 1486 816 1524 musa
828 1464 959 1525 tabellas.

218 1572 318 1630 Prima
330 1591 423 1630 casam
435 1581 587 1648 agrestem,
600 1571 749 1649 fixumque
759 1570 790 1628 in
800 1571 910 1648 pariete
922 1589 1030 1629 carmen

178 1675 335 1743 Describit,
350 1673 510 1751 solidosque
525 1673 597 1733 duos
610 1684 641 1732 et
654 1684 778 1751 quatuor
791 1694 877 1742 asses,

178 1778 320 1838 Hesterni
333 1777 459 1857 pretium
474 1788 567 1856 potus.
609 1776 669 1834 Hic
682 1777 753 1836 civis
766 1777 868 1836 obesus

179 1882 335 1961 Spectatur
350 1880 451 1958 Belga,
465 1901 482 1938 a
495 1879 591 1959 lepido
604 1881 651 1938 cui
664 1880 772 1939 vertice
786 1891 871 1939 nutat

179 1984 279 2044 Pileus
292 1985 323 2042 in
336 1984 437 2042 laevam
451 2003 616 2060 suspensus,
631 1994 662 2042 et
675 1985 810 2062 amphora
823 1995 918 2043 totum

178 2087 318 2146 Ostendit
331 2087 441 2145 nudata
454 2087 549 2144 sinum
562 2097 751 2164 ventremque
765 2098 907 2165 capacem.

178 2191 294 2249 Obtutu
308 2200 407 2264 stupet
420 2189 470 2247 ille
484 2189 607 2258 inhians,
621 2189 763 2268 vultuque
777 2191 889 2249 fatente

178 2293 346 2361 Moerorem,
360 2301 411 2350 aut
424 2301 540 2370 quassat
554 2302 650 2370 caput,
664 2304 714 2350 aut
727 2313 862 2371 quassare
875 2293 1007 2353 videtur:

179 2396 299 2454 Frustra
312 2395 416 2463 inhiat,
431 2395 539 2454 frustra
553 2394 651 2454 solitos
664 2395 808 2454 desiderat
821 2396 962 2456 haustus!

178 2498 365 2557 Horrendum
379 2519 512 2566 vacuum,
527 2509 614 2576 atque
628 2499 730 2575 ingens
744 2510 788 2558 est
802 2499 882 2558 intus
895 2501 992 2560 inane.

179 2601 245 2661 Stat
258 2603 351 2661 bonus
364 2623 381 2660 a
394 2602 461 2660 socii
473 2613 555 2680 tergo
568 2613 721 2681 compotor‚
737 2613 767 2661 et
781 2603 871 2661 imum

178 2705 239 2764 Vas
253 2716 337 2765 caute
350 2704 491 2784 explorat,
506 2715 640 2783 tetroque
654 2705 816 2764 inamabilis
829 2726 877 2764 ore

177 2809 220 2866 Et
234 2829 353 2868 vacuam
368 2807 456 2866 deflet
468 2818 583 2875 testam,
597 2828 773 2886 vacuamque
786 2829 961 2869 crumenam.

218 2913 342 2972 Scamno
354 2912 525 2990 interposito
537 2912 620 2970 binos
632 2912 720 2970 habet
734 2912 825 2972 altera
839 2923 953 2984 nautas,

179 3016 271 3076 Pictis
283 3026 418 3075 conantes
430 3015 538 3075 chartis
551 3014 622 3093 quid
635 3015 724 3094 possit
737 3027 869 3094 uterque.

178 3121 305 3180 Cernere
315 3118 478 3198 depositum
491 3129 536 3177 est
548 3119 702 3196 utriusque
715 3119 746 3176 in
759 3120 880 3197 pignora
893 3140 1037 3192 nummos,

178 3222 318 3282 Vincenti
331 3221 458 3301 pretium
471 3221 591 3300 palmea:
613 3221 737 3281 duadem
751 3222 834 3289 alter,
848 3234 879 3282 et
892 3223 969 3284 alter

178 3326 310 3386 Fatalem
325 3326 451 3386 ostendit
463 3323 597 3393 triadem,
612 3325 796 3404 palmamque
809 3325 941 3405 requirit.
