2408 4252
524 446 665 489 nncnont
688 451 711 488 S.

526 931 708 996 VOTUM.

473 1139 693 1198 LECTORI
722 1138 752 1196 S.

186 1338 300 1397 Hasna
320 1339 351 1396 in
371 1360 469 1408 manu,
487 1339 601 1398 erudite
620 1339 719 1407 lector,
739 1335 965 1408 cantiunculnm‚
984 1358 1036 1398 nec

183 1468 343 1517 amatorum
361 1459 502 1536 suspiriis,
523 1478 576 1517 nec
593 1468 788 1532 compotorum
806 1455 943 1515 refertam
962 1459 1036 1517 voci-

181 1576 389 1647 ferationibus;
410 1577 462 1636 sed
475 1577 616 1656 gravitate
630 1587 659 1635 et
672 1568 819 1655 leporibus
832 1586 893 1636 tam
907 1597 944 1636 ex
958 1598 1037 1658 aequo

182 1705 383 1776 temperatam,
394 1709 455 1757 tam
468 1695 568 1777 procul
581 1695 599 1755 *a
612 1696 696 1756 senili
710 1708 849 1756 remotam
862 1699 1037 1768 morositate,

183 1829 213 1876 et
227 1819 262 1877 ab
276 1818 394 1896 ineptiis
407 1817 568 1897 puerilibus
578 1828 638 1876 tam
650 1819 852 1877 abhorrentem
862 1829 892 1878 et
904 1818 1036 1888 alienam,

182 1949 217 1996 ut
225 1939 348 2015 juvenes
359 1938 474 2008 exinde,
479 1926 563 2016 xquod
573 1939 738 2018 praecipiat3
760 1951 800 2008 et,
812 1940 888 2018 quod
902 1939 1037 2008 delectet,

183 2070 339 2136 excerpant
352 2060 485 2118 seniores.

135 2233 139 2239 .
221 2178 362 2237 Materies
382 2178 503 2256 hujusce
524 2177 664 2256 poematis
684 2197 718 2236 ea
738 2177 871 2235 humana
891 2175 1038 2236 felicitatis

181 2297 382 2375 complectitur
410 2309 589 2376 argumenta,
619 2297 657 2356 ad
684 2318 748 2375 quae
775 2308 872 2357 nostra
897 2297 1037 2366 omnium,

181 2425 267 2474 aetate
284 2416 386 2476 saltem
404 2418 625 2494 provectiorum,
639 2416 820 2477 contendunt
834 2426 909 2476 vota.
951 2416 1039 2478 Nihil

180 2535 376 2612 magnificum,
401 2535 476 2595 nihil
499 2547 709 2616 sumptuosum,
731 2536 806 2595 nihil
828 2537 944 2596 homine
967 2558 1038 2618 pru·

181 2654 269 2713 dente
289 2665 319 2713 et
339 2657 413 2713 hono
433 2656 594 2734 indignum,
614 2665 798 2736 praeoptatur.
840 2656 1037 2736 Supervacua,

180 2787 211 2834 et
224 2774 261 2835 ad
275 2795 350 2834 verae
363 2775 578 2852 jucunditatem
591 2777 660 2836 vitae
680 2796 738 2836 non
757 2778 905 2848 facientia,
919 2780 1038 2859 repudi-

180 2907 267 2955 antur
279 2894 382 2954 multa.
404 2896 464 2954 'Ea
477 2897 586 2957 scilicet
600 2897 726 2958 declinat
740 2909 836 2959 noster
847 2888 878 2959 et
888 2900 1040 2960 aversatur

181 3025 290 3084 auctor,
303 3035 378 3093 quae
393 3015 440 3074 vel
458 3016 588 3077 luxuries
605 3019 717 3089 vitiose,
731 3019 779 3078 vel
798 3019 904 3080 lascive
920 3021 1039 3100 ignavia

179 3134 251 3194 solet
272 3135 452 3213 excogitare3
473 3137 544 3196 satis
563 3138 676 3207 heatus,
697 3139 722 3198 si
742 3125 866 3218 gaudiis,
886 3161 951 3220 qnae
970 3162 1037 3221 spe-

178 3253 267 3312 rando
284 3257 456 3334 conceperit,
476 3256 549 3316 nihil
566 3248 756 3320 intervenerit
776 3274 910 3321 curarum
927 3271 979 3322 aut
998 3283 1037 3322 a·

180 3372 344 3450 gritudinis.
361 3360 369 3373 ’
767 3365 769 3369 s
