2408 4252
178 393 238 453 234
354 413 437 454 suus
452 412 512 452 usn
526 412 777 463 coonoscnums
792 412 864 453 κτα.

180 551 292 611 Rursus
305 552 382 610 bello
395 553 462 623 ciet,
476 563 669 630 renovataque
682 551 780 630 praelia
792 552 905 621 miscet,

179 655 372 733 Disruptique
385 657 445 714 ruit
458 656 546 714 moles
563 666 593 714 et
607 656 739 713 machina
752 655 876 713 mundi?

179 758 255 830 Quae
269 779 409 837 suspensa
422 769 504 818 tenet
519 759 628 836 liquido
641 759 685 816 vis
699 778 815 835 corpora
828 757 918 816 caelo?
1010 815 1014 820 .

152 942 155 949 .
181 861 269 921 Unde
282 873 336 930 est,
351 863 428 940 quod
441 883 541 940 pacem
556 862 701 920 Saturnus
714 882 780 920 cum
795 861 869 919 Jove
882 870 979 920 servet

181 965 358 1043 Perpetuam
366 988 376 1035 ,·
393 965 573 1043 nequebella
583 975 665 1043 paret
677 965 759 1028 Mars
769 965 941 1043 proximus?
959 962 1037 1023 unde
1080 988 1082 990 ·

180 1067 338 1126 Limitibus
352 1066 417 1126 fixis
431 1078 566 1126 contenta
581 1067 705 1126 Venus?
727 1088 821 1144 neque
835 1078 942 1126 terram

182 1172 347 1230 Mercurius
360 1172 460 1250 rapide
474 1173 529 1232 sibi
543 1172 651 1231 furtivo
665 1172 792 1231 attrahat
806 1173 894 1230 orbe?

183 1275 269 1334 Unde
283 1275 326 1344 fit,
341 1286 375 1335 ut
388 1276 481 1334 tristis
496 1285 608 1334 vastum
623 1295 675 1353 per
689 1276 775 1333 inane
789 1285 900 1333 comete

182 1378 326 1437 Versetur
339 1378 440 1456 rapido
453 1399 519 1436 cum
532 1379 659 1447 turbine,
674 1399 728 1436 nec
742 1388 840 1436 tomen
853 1377 933 1438 ultra

183 1481 321 1559 Ellipsim
334 1482 456 1560 positam
470 1482 565 1540 valeat
579 1492 727 1559 certasque
741 1483 838 1558 vagari

79 1593 82 1596 ’
183 1585 282 1644 Metus
289 1607 299 1655 ,·
319 1585 392 1663 quin
406 1585 512 1644 iterum
525 1585 634 1653 redeat,
647 1604 792 1663 cursuque
805 1594 922 1662 peracto

183 1688 243 1746 Ter
256 1698 373 1746 centum
387 1708 535 1755 annorum,
550 1689 635 1746 terris
648 1687 737 1746 ferale
750 1689 904 1747 rubentem

185 1791 323 1850 Ostentet
337 1791 454 1859 crinem,
470 1801 500 1848 et
514 1791 605 1850 cauda
617 1801 777 1869 perterreat
790 1792 908 1850 orbem?

185 1895 243 1953 His
257 1915 354 1973 super,
368 1894 475 1952 infixus
489 1886 625 1962 solio,sol
639 1894 772 1954 vendicat
785 1894 878 1958 almus

185 1998 355 2076 Imperium,
369 2018 407 2055 ne
420 1997 564 2056 discordes
577 1997 665 2057 simul
678 1997 794 2056 orbibus
807 1999 888 2056 orbes

186 2101 383 2170 confundant,
398 2101 565 2178 subitasque
578 2102 695 2160 trahant
708 2121 804 2159 secum
817 2101 886 2160 inde
899 2102 1009 2163 ruiuus.

185 2204 229 2262 At
242 2205 349 2262 frustra
362 2203 448 2280 longe
461 2204 599 2263 distantia
613 2225 727 2282 corpora
742 2203 871 2263 Phoebus

186 2308 312 2386 Imperio
325 2318 479 2385 premeret,
494 2309 550 2368 nisi
563 2309 606 2367 vis
620 2308 742 2367 divinior
755 2307 813 2366 illis

186 2409 320 2474 Incubet,
334 2411 474 2469 immensa
487 2411 590 2469 mundi
603 2433 634 2470 se
647 2411 721 2470 mole
734 2411 899 2470 remiscens.

225 2512 370 2571 Proeterea
383 2512 483 2571 nullus
497 2514 521 2572 si
535 2515 655 2593 spiritus
669 2516 749 2574 intus
762 2515 857 2574 alebat

186 2616 306 2686 Orbem,
321 2615 372 2695 qui
385 2616 487 2676 dextra
500 2617 602 2677 mundi
615 2628 761 2696 torqueret
775 2619 911 2686 habenas,

187 2719 262 2791 Quis
275 2720 433 2779 matutinos
446 2721 528 2789 soles,
543 2732 741 2800 nocturnaque
753 2721 825 2779 roris

186 2822 320 2881 Distillnt
334 2823 417 2893 dona,
432 2835 519 2902 atque
532 2835 651 2884 exornat
664 2825 796 2903 frugibus
810 2829 942 2882 aunum?

187 2925 263 2997 Quis
276 2926 417 2989 moriente
430 2929 477 2988 die
491 2928 644 2988 condentia
658 2929 753 2987 sidera
765 2929 845 2986 nasci

186 3028 206 3085 J
208 3040 329 3098 usserat,
343 3030 518 3108 docendique
530 3030 623 3090 alieno
636 3033 748 3091 lumine
761 3033 882 3092 lunam?

187 3131 263 3203 Quis
275 3127 382 3190 terram
395 3133 490 3210 pingit
504 3134 695 3212 decoratque?
717 3136 826 3214 injussa
840 3137 989 3196 virescunt

188 3235 347 3294 Gramina?
369 3247 471 3313 sponte
484 3258 537 3296 sua
549 3238 695 3316 tepefacto
709 3239 866 3316 repullulat
880 3241 993 3300 herbo?

171 3358 173 3362 ·
188 3339 338 3418 Temporis
352 3339 430 3399 unde
443 3341 539 3400 vices?
561 3340 674 3419 glaciali
688 3341 807 3401 flumina
820 3342 911 3402 fraeno
943 3375 947 3379 ·
