2408 4252
377 416 420 455 sn
435 416 636 457 snnrnsuuu
651 404 748 468 nuos,
763 418 834 458 nne.
977 400 1036 460 213

376 710 587 770 DIGNITAS
609 712 667 770 ΕΤ
687 712 840 771 OTIUM.

178 865 311 925 serron
325 878 369 926 est
382 868 510 946 reliquis,
524 889 589 947 quse
602 869 673 928 sella
685 880 803 929 vocatur
817 872 949 943 honoris3

219 969 356 1039 Acclivis,
370 970 448 1030 facili
461 971 512 1031 sed
526 972 687 1053 superanda
696 973 777 1051 jugo.

180 1073 248 1132 Hoc
261 1074 365 1133 solium
378 1074 517 1144 ascendit,
531 1096 617 1154 quem
631 1086 693 1134 tota
706 1076 871 1154 frequentia
883 1077 975 1156 poscit

219 1177 353 1237 Praesidis
365 1177 397 1236 in
410 1189 522 1238 noctem
536 1179 706 1238 sustinuisse
720 1180 805 1238 vices.

179 1280 236 1339 Ille
249 1282 300 1340 nbi
313 1283 471 1360 composuit
484 1302 555 1352 sese,
570 1282 706 1361 clavoque
719 1283 847 1360 galerum

219 1384 388 1463 Suspendit,
403 1397 515 1463 poetnm
529 1387 587 1444 fert
600 1386 775 1464 tubulosque
788 1406 870 1464 puer.

177 1486 296 1566 Implet,
312 1498 341 1547 et
354 1489 493 1557 accendit,
508 1489 660 1566 cubitoque
674 1490 791 1548 innixus
804 1500 926 1567 utroque

219 1592 256 1649 ln
270 1591 405 1650 cathedra
418 1592 505 1670 digne
518 1612 570 1670 pro
585 1593 728 1670 gravitate
742 1593 831 1652 sedet.

158 1758 163 1767 ,
178 1697 299 1756 Arbiter
312 1697 380 1755 hinc
393 1696 463 1755 dicit
477 1695 612 1780 legesque
626 1696 800 1774 modumque
812 1696 940 1765 bibendi,
1009 1749 1011 1753 Α

219 1800 343 1878 Quoque
356 1798 534 1878 propinanda
549 1810 593 1858 est
606 1798 707 1858 ordine
720 1800 824 1878 cuique
838 1799 923 1858 salus.

180 1905 239 1964 His
251 1904 369 1964 tandem
383 1903 481 1962 officiis
493 1904 622 1973 functus„
636 1903 760 1982 vinoque
773 1913 921 1980 gravatus

219 2008 357 2067 Nondum
372 2006 500 2085 deposito
513 2016 599 2064 nutat
612 2007 731 2084 hiatque
744 2007 823 2064 tubo.
888 1999 892 2009 ’

179 2113 254 2185 Quae
268 2132 330 2170 raro
346 2120 460 2178 coeunt,
475 2120 504 2168 et
518 2110 549 2167 in
562 2129 621 2168 uns
633 2108 701 2168 sede
713 2120 871 2177 morantur,

217 2216 284 2274 En!
305 2214 356 2272 ubi
368 2205 511 2290 majestas,
526 2221 556 2270 et
569 2212 608 2270 sit
621 2212 752 2271 habenda
765 2213 864 2290 quies!

347 2561 407 2620 AD
429 2559 705 2620 STEPHANUM
725 2558 856 2628 DUGK,

484 2692 714 2765 Ἔγκωμιαστικᾶν.

176 2825 274 2884 Onnu
287 2825 437 2893 humilem,
451 2826 602 2884 obscurum
616 2825 684 2892 vita,
700 2842 872 2900 servumque
885 2822 991 2892 labere,

215 2926 269 2994 Te,
285 2927 442 3005 Stephane,
456 2928 488 2985 in
501 2927 596 2987 lucem
609 2927 717 2985 rustica
729 2946 812 2984 musa
824 2937 916 2986 vocat.

176 3030 359 3107 Principibus
372 3031 514 3109 placuisse
527 3031 596 3089 viris
608 3030 664 3090 tibi
677 3030 799 3108 contigit
813 3028 909 3098 Aula,

215 3133 258 3192 Et
271 3133 363 3192 minor
377 3144 421 3193 est
435 3134 512 3194 fama
525 3134 666 3213 Lauriger
679 3134 740 3212 ipse
754 3144 814 3192 tua.

176 3238 306 3296 Caesareo
315 3238 408 3315 jussu,
423 3247 535 3296 certum
548 3247 592 3297 est
605 3236 660 3296 tibi
673 3237 774 3315 pensio
787 3257 911 3306 munus;

216 3339 259 3399 Te
272 3349 432 3400 curatorem
445 3339 541 3418 regius
554 3338 656 3398 hortus
668 3339 765 3398 habet.
