2408 4252
438 449 576 489 HYMNUS
590 447 724 488 Palatua.

388 931 579 990 HYMNUS
600 932 775 991 PRIMUS.

237 1090 310 1148 Cun
324 1088 531 1149 misericordias
544 1089 688 1166 recolligo,
703 1100 754 1149 tna

236 1193 361 1252 Paterna
375 1213 454 1271 quas,
469 1191 490 1249 J
491 1193 590 1261 ehova,
604 1213 673 1251 cura
688 1193 823 1261 contulit,

237 1295 382 1376 Suspensa
394 1295 554 1374 cogitando,
569 1315 650 1355 mena
664 1296 753 1355 haret
765 1316 839 1363 mea,

236 1400 365 1460 Amorne
378 1400 468 1477 major
480 1399 545 1468 ciet,
562 1418 598 1456 an
613 1399 771 1458 admiratio.

237 1580 311 1653 Qua
323 1582 418 1650 verba,
433 1602 497 1660 quae
509 1582 628 1662 pietatis
642 1582 806 1660 eloquentia

238 1684 349 1744 Ardone
362 1685 462 1744 eadem
475 1686 581 1764 gratias
595 1685 739 1753 effabitur,
809 1740 814 1755 x

238 1787 304 1860 Quo
317 1799 419 1867 pectus
432 1784 512 1848 intus
525 1790 666 1868 concipit!
689 1789 740 1847 sed
752 1788 902 1867 gandium,

238 1891 324 1963 Quod
337 1893 431 1951 fervet
445 1893 534 1961 intua,
549 1904 583 1951 tu
596 1893 677 1969 legis,
693 1902 727 1950 tu
740 1891 890 1970 intelligis.

238 2073 303 2133 Tua
318 2094 395 2143 cura,
410 2095 534 2154 praesens
547 2096 668 2155 semper,
684 2085 714 2134 et
728 2095 841 2155 semper
854 2075 935 2152 vigil,

237 2176 289 2236 Me
303 2177 451 2237 conditum
465 2180 541 2239 uteri
555 2179 628 2239 vidit
643 2180 675 2237 in
688 2180 819 2250 silenti0;

238 2279 406 2359 Eademque
420 2301 546 2342 curante
560 2293 659 2342 secuta
674 2292 718 2341 est
732 2283 860 2360 provida,

238 2384 312 2442 Cum
326 2385 426 2443 matris
440 2385 476 2443 ad
490 2406 643 2445 mammam
657 2387 784 2465 pependi
796 2386 967 2446 infantulus.

238 2564 318 2637 Quos
331 2566 424 2626 edidit
438 2579 558 2646 questus
571 2589 642 2628 meaa
655 2569 839 2628 imbecillitas

238 2669 382 2739 Infantiae,
397 2680 450 2730 tua
463 2673 541 2731 auris
555 2673 665 2751 accepit
680 2672 797 2739 statim;

238 2772 312 2831 Cum
326 2792 408 2832 mens
421 2774 539 2845 tenella,
554 2776 681 2852 cogitare
694 2795 748 2834 nec
761 2775 847 2854 potia,
865 2812 869 2818 ·

237 2874 378 2953 Colligere
391 2875 520 2936 nondum
534 2892 652 2937 noverat
668 2897 729 2936 sese
743 2879 774 2935 in
787 2898 895 2957 preces.

239 3056 312 3128 Qua
328 3059 428 3119 nullus
441 3070 536 3137 oequat
551 3070 711 3138 computus>
726 3061 864 3119 solamina

240 3159 303 3221 Tua
317 3161 531 3223 administravit
545 3164 617 3222 mihi
633 3162 832 3241 indulgentia;

240 3263 422 3324 Infantulnm
436 3286 482 3324 cor
496 3278 651 3345 antequam
665 3267 828 3334 resciverat,

240 3366 268 3424 A
280 3368 361 3427 fonte
374 3390 431 3446 quo
445 3370 634 3448 profluxerint
648 3380 692 3429 tot
707 3389 835 3428 munera.

755 3493 771 3531 c
