2408 4252
184 363 240 432 172
443 381 537 422 noea:
559 383 601 421 nn
616 382 777 422 sanonum.

397 768 642 828 rnnsrunm
664 769 820 842 cooun.

180 927 300 996 Anum,
316 928 485 1006 serpyllum,
498 938 651 1007 rutamque
664 939 694 986 et
708 927 808 986 sectile
820 947 939 1006 porrum

220 1030 377 1110 Thestylis,
393 1041 422 1090 et
436 1031 519 1110 panis
532 1031 659 1090 frustula
673 1031 745 1090 dura
758 1031 865 1108 coquit.

179 1132 199 1190 J
201 1132 358 1211 useulaque
372 1143 406 1191 ut
419 1144 508 1231 gustu
522 1134 637 1212 capiant
650 1133 768 1192 meliore
781 1133 922 1212 palatum,

219 1234 360 1295 Immittit
374 1236 456 1295 salsae
469 1237 590 1315 pinguia
602 1247 685 1315 terga
698 1236 767 1295 suis.

180 1338 320 1398 Rusticus
333 1339 401 1397 hinc
414 1340 592 1399 stomachum
607 1340 746 1418 lenitque,
761 1349 792 1398 et
805 1349 917 1398 recreat
931 1327 1008 1399 artus
1015 1361 1025 1408 3

220 1442 301 1501 Hinc
313 1443 397 1502 corde
411 1443 525 1502 exultat
538 1464 654 1512 messor,
669 1454 699 1503 et
712 1463 760 1501 ore
773 1443 859 1501 nitet.
877 1443 879 1448 ’

179 1545 207 1603 0
221 1545 316 1604 labor!
337 1567 354 1604 o
368 1546 470 1605 sudor!
493 1546 585 1606 dulcis
599 1546 728 1606 eonditor
741 1548 881 1625 uterque!

216 1649 373 1728 Egregium
386 1651 481 1709 facitis
496 1650 650 1729 Thestylin
664 1671 726 1711 esse
739 1670 868 1728 eoquam.

381 2335 511 2395 ROSA:
536 2336 597 2394 ΑΙ)
619 2335 832 2394 STELLAM.

179 2494 330 2553 Dnnmnn
341 2480 494 2572 juvenum,
509 2495 702 2572 nympharum
715 2493 855 2553 hodierna
867 2492 1005 2573 voluptas,

218 2599 295 2657 Ecce
309 2619 354 2670 ea,
368 2619 425 2676 quo
438 2599 551 2667 rubent,
568 2596 670 2666 Stella,
684 2598 787 2657 rubore
802 2596 897 2656 Rosa!

179 2700 282 2772 Stella,
297 2702 364 2761 vide
377 2712 520 2780 quantum
533 2701 611 2761 foliis
624 2700 774 2760 suffimdat
787 2681 945 2760 honorem!
1009 2738 1012 2743 ·

217 2806 357 2885 Explicet
370 2806 407 2864 ad
420 2807 509 2864 solem
522 2826 652 2885 purpura
666 2804 751 2884 quale
764 2805 869 2864 decus!
966 2869 968 2873 ,

180 2911 260 2980 Cras,
272 2910 376 2981 Stella,
387 2910 553 2989 exemplum
568 2909 696 2988 pulchris
708 2907 906 2987 lacrymabile,
916 2905 1026 2968 'eandem

142 3008 144 3012 Α
217 3013 370 3083 Arentem,
385 3013 517 3082 laceram,
532 3011 760 3091 pallidulamque
773 3010 849 3070 vide.

179 3118 282 3188 Stella,
298 3117 383 3177 Rosa
395 3118 549 3186 miserere;
570 3125 600 3175 et
614 3115 685 3174 dum
699 3114 845 3183 miserere,
860 3094 1010 3180 memento,

218 3221 305 3294 Quod
316 3221 411 3281 brevis
425 3230 469 3280 est
483 3220 546 3289 aevi,
560 3209 642 3297 quod¹
650 3228 703 3277 tua
715 3219 807 3277 forma
821 3215 900 3277 Rosa
913 3200 970 3309 est.-
