2408 4252
338 453 436 493 nuum
450 452 662 493 nmcoaroou.
884 434 924 493 83

275 957 407 1016 LUCIA
428 959 484 1017 ET
506 957 724 1016 CORYDON.

79 1114 172 1184 Quae,
186 1134 324 1172 venerum
337 1115 472 1174 foecunda
481 1136 604 1194 parens,
613 1116 740 1194 Lagenia
754 1116 845 1184 novit,

111 1216 202 1276 Lucia
215 1218 371 1276 formarum
384 1218 483 1295 gloria,
495 1218 602 1297 flosque
616 1219 692 1277 fuit:

79 1317 133 1378 Ora
146 1341 200 1379 nec
214 1333 332 1400 aspectu
344 1332 405 1381 tam
418 1322 490 1382 laeta
498 1333 528 1382 et
542 1322 662 1402 pulchra
677 1322 797 1381 Modoni

114 1422 250 1482 Flumine
265 1425 301 1483 de
314 1425 423 1503 liquido
436 1447 508 1504 pura
521 1426 635 1486 reflexit
649 1446 730 1504 aqua.

79 1524 133 1584 Sed
147 1526 235 1596 dolor,
250 1539 279 1587 et
293 1549 377 1597 curae,
392 1529 517 1589 laetabile
530 1528 666 1608 quicquid
680 1529 809 1597 edentes,

114 1629 273 1708 Egregium
287 1633 393 1690 sensim
408 1632 567 1691 diminuere
581 1632 687 1702 decus;

78 1730 135 1790 Sed
149 1731 287 1812 deceptus
301 1756 379 1793 amor
392 1736 513 1814 carptim
527 1736 651 1814 privavit
665 1736 767 1795 ocellos

115 1836 255 1904 (lammis,
270 1836 383 1897 curaliis
396 1838 484 1906 labra,
499 1841 626 1915 rosisque
639 1858 735 1916 genas.

79 2038 216 2100 Vidistin’
232 2040 406 2123 (quin-sape
420 2044 500 2103 vides
510 2046 533 2122 l)
547 2054 581 2102 ut
595 2044 732 2122 languida
745 2055 873 2104 marcent

114 2145 201 2213 Lilia,
216 2167 280 2224 quae
294 2148 396 2206 subitae
410 2158 568 2226 praegravat
583 2148 673 2206 imber
686 2151 802 2225 aqua?-

79 2246 170 2307 Lento
184 2249 225 2307 sic
238 2251 325 2327 periit
338 2251 414 2318 tabo,
428 2251 469 2308 sic
483 2249 588 2328 palluit
601 2249 661 2318 illa,

115 2350 165 2408 Ad
181 2350 269 2410 finem
284 2362 414 2411 extremo
423 2353 485 2429 jam
498 2363 670 2430 properante
684 2351 739 2410 die.

81 2453 142 2512 Hoc
155 2455 272 2514 monitae
286 2455 427 2534 exemplo,
441 2455 560 2514 blandos
572 2455 682 2513 fallacis
695 2453 826 2523 amantis,

116 2556 242 2616 Credula
255 2579 305 2615 vos
318 2558 453 2636 nymphae
466 2558 560 2626 corda,
574 2558 677 2616 timete
690 2556 784 2615 dolos:
798 2604 801 2608 .

81 2658 199 2728 Discite,
214 2680 263 2718 vos
274 2661 406 2737 juvenes,
421 2661 516 2720 laesam
531 2682 617 2738 quam
631 2671 709 2719 certa
723 2660 841 2720 deorum

115 2763 256 2823 Vindicta
269 2765 441 2842 insequitur,
456 2785 541 2842 quam
555 2764 649 2841 gravis
662 2765 714 2832 ira,
729 2763 825 2821 fidem.

83 2966 203 3028 Tinnitu
216 2970 411 3027 sonuit-temo
424 2968 602 3047 campanula,
617 2978 720 3037 cuncta
823 2976 826 2981 '

117 3072 212 3130 Nocte
225 3072 399 3150 intempesta
412 3092 478 3130 cum
492 3072 597 3130 siluere
611 3070 680 3128 loca.

84 3172 193 3254 Terque
207 3175 252 3234 ala
266 3176 441 3253 increpitans
455 3175 727 3251 comix,*rostroque
741 3173 895 3230 fenestram

119 3278 250 3348 Pulsans,
264 3277 386 3336 lethales
400 3278 491 3336 edidit
504 3298 552 3336 ore
566 3297 654 3350 sonos.

641 3399 661 3438 a
674 3379 693 3435 2
