2408 4252
438 375 593 431 nucis-nr
608 387 764 429 conrnou.
987 367 1027 439 87

176 529 271 595 Dixit,
286 539 316 589 et
330 526 632 588 occubuit-delatum
646 545 777 606 exangue
785 525 920 608 'caderem
935 539 938 546 ·

215 633 284 704 Qua
297 631 386 692 semel
399 633 430 690 in
443 631 561 710 longum
575 631 826 709 congrederentur,
840 639 919 690 erat:
947 706 949 710 λ

178 735 317 795 Vestibus
330 746 447 795 ornatus
461 734 640 814 sponsalibus
652 733 715 804 ille,'
728 744 871 812 caputque

215 838 272 897 Illa
285 838 457 917 sepulchrali
471 839 571 898 vineta'
580 837 725 916 pedesque
738 836 819 896 stola.

181 1044 244 1117 Quo
256 1044 397 1105 thalamos
411 1045 470 1105 ritu
484 1043 583 1105 credas
595 1044 764 1104 celebrarier
778 1044 863 1104 istos!

216 1148 260 1207 Ut
274 1147 409 1227 Corydon
422 1148 512 1208 animi
525 1147 714 1208 discruciatus
727 1149 806 1206 erat!

181 1251 267 1311 Lucia
279 1252 331 1311 ubi
344 1252 484 1312 exanimis
493 1252 596 1329 jacuit,
610 1254 702 1310 coiere
711 1251 862 1328 juventus,

215 1355 258 1414 Et
271 1364 334 1414 tota
346 1355 378 1415 in
392 1354 477 1414 fletus
490 1354 559 1414 villa
572 1353 666 1414 solnta
679 1353 746 1413 fuit.

182 1457 336 1536 Extemplo
346 1459 485 1535 juvenem
497 1457 601 1536 pudor,
615 1457 667 1526 ira,
681 1456 803 1527 insania,
817 1457 913 1517 luctus

216 1559 372 1629 Distrahit,
387 1560 513 1619 etfuriis
526 1560 689 1638 exagitatus
702 1565 799 1631 amor-‚-
867 1568 870 1574 '

182 1663 349 1742 Pallidaqne
362 1664 537 1723 humectans·
545 1663 648 1741 gelidis
662 1662 813 1723 sudoribus
826 1684 884 1733 ora,

219 1766 354 1826 Perfidia
366 1767 509 1844 ingemuit
520 1767 660 1837 conscius,
667 1773 705 1826 'et
721 1766 833 1827 cecidit.

183 1973 319 2052 conjugis
332 1994 349 2033 a
361 1973 447 2033 vultu
461 1973 529 2047 (nec
538 1975 600 2052 jam
613 1973 691 2034 ultra
703 1974 846 2052 conjugis)
859 1973 953 2032 omnis

219 2076 354 2156 Purpura
366 2076 503 2136 continuo
516 2078 603 2156 fugit,
618 2089 648 2137 et
662 2078 755 2136 omnis
767 2078 875 2136 honos:

184 2178 314 2240 Rivalem
328 2190 358 2240 et
372 2201 517 2259 sponsum,
532 2190 685 2241 extensum
699 2201 765 2239 cum
778 2187 894 2259 corpore
908 2199 1020 2258 corpus,

220 2283 337 2343 Funera
349 2304 416 2342 cum
428 2284 503 2343 vidit
513 2284 699 2362 procubuisse
712 2284 777 2343 duo.

183 2385 312 2464 Virginis
325 2388 362 2446 ad
374 2386 520 2446 tumulum
534 2387 654 2446 deserta
666 2387 727 2456 ille,
740 2387 850 2446 ossibus
863 2408 925 2447 osso

220 2491 381 2561 Mixturus,
392 2491 536 2569 juvenum
549 2490 671 2568 lugubre
684 2491 777 2550 fertur
790 2496 883 2561 onu's3

184 2592 264 2652 Idem
277 2615 356 2653 nunc
368 2604 458 2654 restat
471 2595 526 2653 sub
538 2593 640 2653 eodem
648 2593 761 2671 'cespite
773 2592 879 2672 pulvis,

220 2697 343 2776 Unaque
357 2718 423 2757 cum
436 2698 565 2776 nympha
577 2695 794 2756 contumuletur
807 2697 921 2755 humus.

186 2902 295 2983 Saepius
308 2906 392 2963 hunc'·
399 2906 508 2974 visunt,
522 2906 573 2984 qui
585 2905 706 2965 numina
715 2906 966 2983 justa'verentu'rt

221 3008 297 3067 Cum
311 3007 368 3067 fida
380 3009 488 3087 pariter
501 3003 613 3087 virgine
626 3008 701 3067 fidus
714 3011 820 3067 amans.

186 3109 349 3171 Textilihns
363 3112 458 3181 sertis,
472 3113 609 3191 vittisque
623 3113 654 3170 in
667 3122 769 3171 mutua
781 3111 873 3180 nexio,
890 3118 894 3127 '

221 3215 335 3294 Saepiua
346 3215 425 3275 hunc
437 3216 552 3294 signant
566 3217 811 3294 condecorantque
824 3214 926 3273 locum.
