2408 4252
418 393 603 434 recuruum
619 394 774 436 merolus.
968 376 1021 435 151

353 999 610 1060 LACHRYMAE
631 1000 840 1061 PICTORIS.

174 1158 351 1218 Iurnurnu
365 1159 477 1219 audivit
489 1179 622 1238 puerum,
636 1178 688 1218 sur
700 1159 814 1237 gundia,
831 1159 952 1239 Apelles

213 1262 424 1342 Intempestive
436 1263 497 1322 fato
510 1263 612 1322 obiisse
625 1262 710 1323 diem.

174 1365 240 1435 Ille,
254 1365 322 1426 lieet
335 1366 414 1426 tristi
426 1365 576 1445 perudsur
588 1367 712 1445 imagine
726 1366 836 1434 mortis,

215 1469 343 1528 Proferri
356 1470 387 1527 in
400 1469 529 1528 medinm
543 1489 644 1548 eorpus
658 1451 743 1529 inane
754 1470 848 1547 jubet.

176 1571 218 1630 Et
232 1571 383 1642 calamum,
397 1583 427 1632 et
440 1592 538 1633 suedos
551 1591 678 1652 poscens,
694 1573 788 1632 “Hos
802 1574 898 1653 recipe
911 1573 1016 1644 luctus,

216 1675 372 1736 Moerorem
385 1676 491 1747 hunc,''
505 1676 591 1745 dixit,
607 1682 627 1710 “
635 1686 703 1735 nate
717 1677 846 1755 parentis
859 1677 960 1736 hebe.''

175 1778 261 1838 Dixit
272 1801 279 1849 ;
300 1790 341 1848 et,
354 1790 389 1839 ut
402 1779 515 1848 elausit,
530 1779 640 1840 clausos
653 1779 787 1859 depinxit
800 1779 921 1852 ocellos3

215 1882 318 1941 Officio
331 1883 439 1961 pariter
452 1882 528 1942 fidus
540 1885 656 1961 utrique
669 1894 768 1962 peter:

176 1985 381 2064 Frontemque‚
396 2000 427 2046 et
440 1987 543 2056 crines,
558 2007 612 2046 nee
625 1986 718 2046 adhuc
731 1986 871 2066 pallentia
884 1987 1010 2046 formans

215 2089 332 2159 Oscula,
347 2089 529 2150 adumbravit
542 2089 665 2167 lugubre
679 2090 771 2169 pictor
783 2109 864 2169 opus.

175 2295 279 2373 Perge,
292 2311 408 2375 parens,
422 2295 568 2356 nioerendo
580 2306 647 2356 tuos
660 2297 823 2376 expendere
836 2296 951 2368 luetus;

216 2399 356 2459 Nondum
369 2420 441 2479 opus
454 2398 575 2460 absolvit
589 2401 673 2460 triste
687 2420 822 2479 supreme
835 2421 946 2460 manus.

175 2605 263 2664 Vidit
277 2606 371 2666 adhuc
382 2607 483 2667 molles
496 2607 609 2685 genitor
622 2626 708 2686 super
721 2608 817 2668 oscula
830 2608 923 2678 risus3

216 2707 304 2767 Vidit
317 2708 412 2768 adhuc
424 2729 544 2768 veneres
556 2708 713 2768 inubuisse
726 2709 825 2787 genis:

176 2812 219 2870 Et
231 2822 346 2872 teneres
358 2813 465 2892 raptim
478 2832 607 2882 veneres,
621 2812 796 2893 blandosque
809 2807 929 2893 lepores,

112 2959 121 2975 .
216 2915 259 2975 Et
271 2916 374 2976 taeitos
386 2916 462 2977 risus
475 2917 626 2977 transtulit
640 2918 671 2975 in
684 2916 823 2976 tabulam.

177 3019 329 3097 Pingendo
343 3019 449 3081 desiste
462 3031 547 3080 tuum
561 3021 674 3099 signare
688 3014 818 3102 delorem,
824 3045 833 3090 ,·

216 3121 315 3181 Filioli
328 3122 445 3202 longum
458 3125 536 3184 vivet
550 3126 643 3202 imago
657 3124 718 3183 tui:

176 3225 277 3296 Vivet,
292 3236 322 3286 et
336 3227 444 3286 oeterni
457 3228 535 3287 vives
549 3238 583 3286 tu
597 3227 683 3286 laude
691 3249 701 3297 3
723 3248 776 3285 nec
790 3237 852 3285 arte

216 3330 388 3390 Vincendus
401 3331 503 3409 pictor,
519 3351 572 3390 nec
582 3330 695 3409 pietate
708 3339 799 3408 pater.
