2408 4252
535 417 677 456 SERTUM.

180 554 283 614 Exute
295 565 330 614 ut
344 555 427 614 flores
440 555 539 623 sensit,
554 555 629 634 quod
643 554 724 614 nulla
738 554 863 614 colorum

219 658 351 737 Vespere
364 668 486 718 restaret
500 660 603 736 gratia,
618 658 718 717 nullus
731 657 818 728 0d0r;

180 762 291 821 Palluit
305 764 418 831 obtutu,
434 762 612 841 gemuitque,
627 761 766 839 oculoque
780 760 885 839 pudice

220 865 362 934 Demiss0‚
377 876 487 925 sertum
501 866 653 943 dejiciebat
669 865 760 925 humi.

179 1046 246 1116 Ille,
261 1046 348 1105 silens
362 1049 503 1125 quamviS,
518 1068 600 1106 musa
613 1047 763 1106 facundior
776 1047 864 1115 omni,

220 1149 314 1209 Index
327 1150 448 1229 egregiae
461 1151 568 1210 mentis
581 1151 689 1210 ocellus
703 1162 783 1221 erat3

180 1254 255 1311 Cum
268 1254 371 1312 furtim
385 1274 421 1313 ex
434 1253 495 1324 illa,
509 1275 630 1332 gemmae
642 1255 791 1314 rutilantis
805 1255 841 1314 ad
855 1255 955 1324 instar,

219 1357 374 1416 Pulchram
387 1359 569 1418 humectaret
582 1358 678 1418 lucida
691 1369 777 1436 gutta
789 1379 902 1436 genam.

182 1538 267 1609 Quod
280 1541 361 1609 scivi,
376 1541 502 1610 nescivi3
523 1552 553 1600 et
567 1561 627 1608 cur,
643 1541 787 1600 carissima
801 1541 871 1609 vita,

219 1642 283 1699 Oh!
305 1663 369 1701 mea
382 1644 444 1713 lux,
459 1644 529 1712 dixi,
545 1665 595 1703 cur
608 1665 643 1702 ea
656 1654 743 1722 gutta
757 1644 856 1702 cadit?

183 1744 267 1804 Unde
280 1746 351 1805 obiit
364 1747 457 1825 pallor
470 1747 594 1806 vultus?
617 1747 687 1816 fare,
703 1749 829 1816 obsecro,
843 1748 913 1815 fare,

220 1848 292 1907 Tam
305 1851 403 1910 subito
415 1850 499 1929 lapsu
512 1861 597 1929 gutta
610 1852 681 1930 quid
694 1852 745 1910 illa
758 1851 829 1911 velit
840 1854 852 1909 i

180 2032 273 2091 Ecce!
291 2033 386 2093 unde!
405 2032 620 2112 (ingemuitque
630 2033 725 2102 simul,
735 2034 910 2112 peramabile
920 2034 1033 2112 ridens)

219 2136 313 2195 Ecce!
333 2137 374 2196 eit
388 2138 531 2216 interpres
544 2137 676 2216 pulchre,
691 2139 728 2196 sit
742 2137 821 2196 unde
835 2137 930 2196 dolor!

177 2239 263 2298 Dona
276 2251 329 2298 tua
342 2262 378 2300 en
392 2252 545 2320 quantum,
559 2243 659 2321 paucis
671 2242 852 2319 fugientibus
865 2241 951 2309 horis,

218 2344 313 2403 Unica
325 2345 458 2414 mutarit,
472 2355 533 2404 tota
548 2366 601 2404 nec
615 2345 673 2412 illa,
689 2344 768 2402 'diesi

178 2527 241 2586 Hei
254 2527 343 2585 mihi!
366 2528 443 2606 quod
457 2526 539 2586 floret
552 2527 729 2605 languetque
742 2526 877 2604 superbia
890 2527 975 2595 Maii,

216 2630 317 2690 Floret
330 2630 408 2690 idem
421 2632 519 2689 formae
532 2631 632 2708 gloria,
647 2630 767 2707 languet
780 2629 866 2688 idem.

177 2735 311 2813 Utraque
325 2755 409 2793 mane
419 2735 519 2812 vigens
533 2733 735 2811 placidumque
750 2743 780 2792 et
791 2732 876 2792 dulce
889 2734 1035 2803 rubescit;

217 2839 349 2916 Utraque
363 2838 512 2897 marcescit
525 2856 654 2915 vespere,
669 2836 768 2914 pallet,
784 2837 854 2895 abit.

175 3021 254 3080 Cum
268 3042 353 3080 mane
365 3021 475 3089 illuxit,
490 3019 597 3078 multos
613 3019 706 3078 Stella
719 3021 797 3078 inter
810 3028 950 3086 amantes

217 3124 347 3184 Saltibus
361 3134 390 3183 et
404 3136 502 3192 cantu,
517 3124 599 3182 lusus
613 3142 747 3201 amorque
760 3124 836 3182 fuit:

174 3227 309 3305 Vespere
322 3226 482 3305 pallentem
496 3226 632 3303 conspexi
645 3227 676 3282 in
689 3225 795 3302 frigore
809 3224 919 3293 mortis,

216 3314 382 3409 Osculaque
397 3330 523 3407 exangui
536 3340 639 3407 terque
653 3339 812 3408 quaterque
826 3328 903 3388 dedi.
