2408 4252
461 426 613 467 annuam
627 426 720 466 Anus.

401 928 606 987 DENNERI
628 926 775 986 ANUS¹.

162 1085 304 1145 Daunum
318 1107 390 1145 anus
404 1086 552 1155 artificem,
563 1087 644 1162 juste
658 1085 810 1152 celebrata,
825 1084 944 1152 fatetur,

203 1188 367 1248 Daunum
380 1189 476 1269 pinxit
489 1210 576 1267 quam
589 1188 717 1248 studiosa
730 1208 842 1247 manus.

164 1291 196 1350 N
197 1312 230 1352 ec
242 1303 344 1372 stupor
357 1303 400 1357 cst
414 1292 512 1361 oculis,
526 1293 615 1351 fronti
629 1312 682 1352 nec
695 1312 767 1370 ruga
780 1312 897 1362 severa3

203 1395 340 1456 Flaccida
352 1415 406 1455 nec
419 1395 506 1455 sulcis
519 1395 627 1474 pendet
641 1396 779 1474 utrinque
792 1416 874 1473 gena.

164 1498 219 1557 Nil
232 1500 320 1559 habet
333 1498 495 1578 illepidum,
509 1520 662 1568 morosum,
677 1510 727 1558 aut
741 1500 825 1559 triste
838 1498 963 1568 tabella,·

202 1601 371 1682 Argentum
383 1603 485 1682 capitis
498 1614 612 1682 praeter,
626 1602 703 1662 anile
716 1602 798 1661 nihil.

163 1706 318 1785 Apparent
331 1707 410 1766 nivei
422 1707 504 1767 vittae
516 1708 571 1774 sub
584 1707 714 1784 margine
727 1706 802 1776 cani,

203 1810 269 1869 Fila
286 1810 402 1871 colorati
416 1810 513 1889 qualia
526 1810 611 1870 Seres
624 1810 741 1871 habent.

163 1913 286 1992 lanugo
298 1924 441 1983 mentum,
455 1913 507 1974 sed
518 1935 583 1993 quae
596 1914 776 1984 tenuissima,
790 1913 897 1983 vcstit3

203 2017 372 2100 Molliaque,
387 2017 525 2096 et'qualis
539 2017 655 2077 Persica
668 2017 744 2077 mala
757 2017 842 2094 tegit.

164 2120 259 2180 Nulla
270 2121 318 2180 vel
331 2142 348 2180 e
360 2121 489 2182 minimis
501 2122 622 2200 fugiunt
635 2122 778 2200 spiracula
791 2121 886 2180 visum
895 2143 905 2192 ,·

202 2223 247 2282 At
261 2244 356 2302 neque
368 2224 482 2284 lineolis
495 2225 532 2284 de
544 2225 620 2284 cutis
633 2224 693 2283 ulla
706 2224 788 2284 latet.

164 2329 336 2409 Spectatum
348 2329 481 2398 veniunt,
495 2329 606 2389 novitas
619 2349 690 2409 quos
703 2327 795 2388 allicit
808 2348 938 2407 usquam,

169 2462 175 2476 ·
203 2431 343 2510 Quosque
355 2431 403 2490 vel
416 2432 526 2510 ingenii
538 2433 625 2501 fama,
639 2432 686 2491 vel
699 2432 769 2490 artis
782 2451 870 2491 amor.

164 2535 337 2603 Adveniunt
346 2536 488 2613 juvenes3
509 2546 550 2606 ct,
563 2557 637 2595 anus
650 2536 675 2594 si
688 2535 778 2614 possit
791 2536 890 2600 amari,

202 2639 385 2710 Danuuius,
399 2651 557 2718 agnoscunt
570 2641 624 2699 hoc
635 2640 775 2699 meruisse
787 2635 879 2699 tuam.
913 2692 919 2699 .

166 2741 337 2803 Adveniunt
349 2744 455 2804 hilares
468 2745 621 2823 nymphae3
643 2743 823 2822 similemque
836 2755 991 2813 senectam,

202 2847 278 2907 Tam
291 2847 441 2926 pulchram
455 2859 487 2908 et
499 2848 642 2928 placidam
656 2848 728 2908 dent
740 2848 794 2908 sibi
808 2849 880 2920 fata,
893 2858 1004 2927 rogant.

168 2951 309 3011 Matrona
322 2952 491 3022 adveniunt,
505 2953 668 3031 vetuloeque
680 2954 812 3012 fatentur
825 2953 856 3010 in
869 2973 917 3012 ore

203 3055 292 3128 Quod
304 3055 378 3114 nihil
390 3055 566 3116 horrendum
578 3055 770 3115 ridiculumve
782 3055 893 3115 vident.

195 3311 205 3336 ⁶
220 3302 271 3352 Diu
282 3303 380 3369 publico
390 3302 436 3352 fuit
445 3302 584 3369 spectaculo
598 3302 694 3368 egregia
704 3301 756 3350 haec
768 3301 859 3359 tabula,
869 3300 895 3349 iu
907 3315 961 3350 area
974 3316 1015 3365 pa·
1051 3316 1059 3327 ’

168 3379 239 3434 latina
248 3383 369 3441 exteriori,
380 3384 450 3450 juxta
460 3385 542 3434 fanum
554 3384 814 3433 westmonasteriense.
