2408 4252
442 439 639 481 rurusrsar
653 438 769 480 curos.
991 419 1032 478 53

178 577 271 637 Nulla
284 579 366 647 mihi,
381 580 457 638 heu!
479 579 561 638 floret
575 579 672 647 facies,
686 598 750 656 quoe
764 577 876 637 floruit:
900 579 982 637 ecce!

216 682 292 754 Quae
305 684 440 751 rubuere,
455 684 527 742 mihi
541 682 622 742 nulla
635 681 741 742 labella
754 682 869 741 rubent.

179 784 260 845 Mors
273 787 436 864 obsignatus
449 787 577 846 tenebris
590 785 661 844 mihi
674 784 779 844 clausit
791 784 895 844 ocellos
902 807 912 855 ;

217 888 321 949 Gratia
334 890 455 949 desertae
468 910 522 949 nec
535 910 621 967 super
634 909 693 948 uua
705 909 787 966 genre
800 899 854 948 est.

181 1070 341 1130 Germanus
354 1072 426 1129 mihi
440 1072 544 1130 vermis
557 1071 640 1141 edax,
655 1071 819 1150 depascitur
832 1080 912 1130 artus

217 1174 360 1252 cognatos
371 1198 380 1245 3
402 1195 456 1234 nec
469 1175 563 1234 adhuc
577 1185 622 1234 est
635 1175 739 1234 satiata
752 1174 859 1233 fames:

181 1277 220 1336 Et
233 1278 337 1355 gelidae
350 1288 380 1337 et
393 1278 486 1357 longae
498 1288 609 1338 restant
622 1278 695 1336 mihi
708 1277 794 1336 tedia
808 1279 910 1347 noctis,

216 1380 298 1440 Dum
311 1392 425 1441 noctem
437 1383 562 1461 excipiat
575 1382 670 1459 longa,
681 1401 825 1459 suprema,
841 1382 910 1440 dies.

182 1562 237 1622 Sed
251 1574 349 1633 cantu,
364 1563 522 1625 audistin'?
545 1565 658 1623 monuit
671 1584 718 1623 me
731 1563 826 1642 gallus
840 1563 937 1633 abire3

215 1665 333 1744 Thyrsi,
348 1668 429 1739 vale;
451 1669 579 1746 longum,
594 1667 703 1746 perfide
719 1667 837 1748 Thyrsi,
850 1666 932 1726 vale!

180 1770 250 1830 Vise
263 1781 372 1842 tamen,
386 1772 499 1831 tumulo
512 1793 597 1851 quam
611 1773 649 1831 sit
664 1771 776 1830 defossa
789 1769 941 1849 profundo,

216 1875 291 1947 Quae
304 1876 440 1935 miserum
453 1877 574 1953 urgebat
587 1876 676 1934 funus
689 1895 784 1934 amore
798 1875 851 1933 tui.

178 2055 244 2115 lam
257 2056 387 2116 volucres
399 2058 539 2128 cecinere,
553 2069 584 2118 et
597 2059 746 2118 festinavit
761 2059 797 2117 ab
810 2067 887 2125 ortu,

215 2159 369 2238 Purpureo
382 2161 452 2230 risu,
467 2161 509 2221 sol
522 2162 633 2240 aperire
647 2161 741 2231 diem3

178 2261 309 2322 Pallidus
321 2265 471 2343 obstupuit
486 2264 617 2344 Thyrsis,
630 2264 830 2343 tremulusque
843 2263 932 2322 cubili

215 2364 282 2441 (Ah
295 2369 419 2427 tremor!
440 2368 477 2430 eh
490 2368 581 2447 pallor
594 2369 723 2427 conscius
732 2369 755 2445 l)
776 2364 881 2427 exililt.

177 2546 310 2608 Fatalem
323 2548 361 2607 ad
374 2548 521 2608 tumulum
536 2570 623 2609 cursu
636 2549 784 2609 contendit
799 2549 929 2617 anhelus,

214 2651 284 2724 Qua
293 2653 386 2729 jacuit
399 2653 496 2731 gelida
509 2662 601 2712 morte
614 2653 708 2712 soluta
721 2652 829 2723 Chloe;

175 2753 352 2834 Cespiteque
365 2756 397 2815 iu
410 2756 506 2827 viridi,
520 2758 571 2836 qui
585 2758 688 2816 subtus
701 2756 797 2816 flebile
810 2756 886 2814 texit

215 2858 338 2938 Corpus,
352 2879 384 2918 se
397 2872 532 2919 maestum
546 2861 713 2940 projiciebat
726 2879 807 2918 onus.

174 3041 293 3120 Terque
306 3041 419 3104 Chloen
432 3043 544 3120 gemitu
556 3024 678 3120 gemuit,
692 3052 738 3101 ter
750 3061 820 3099 voce
833 3041 955 3108 vucavit,

213 3145 258 3204 Et
270 3145 400 3206 bibulam
413 3146 547 3224 lacrymis
559 3156 605 3204 ter
618 3144 772 3203 madefecit
786 3143 926 3201 humum:

175 3247 325 3326 Nudaque
337 3248 438 3308 telluri
451 3248 537 3308 nudae
550 3248 621 3308 dans
634 3247 739 3316 oscula
754 3267 902 3325 nunquam

215 3349 281 3410 Aut
295 3372 393 3412 vocem
405 3351 538 3431 lacrymis
552 3351 674 3421 addidit,
688 3362 739 3412 aut
753 3351 902 3428 gemitum.
