2408 4252
519 436 668 478 mansas.

245 568 406 636 Illiberales
418 576 510 634 nescit
523 575 683 645 infacetias,

284 678 327 737 Et
339 699 397 738 nou
411 678 586 753 vmacuudos
597 678 672 738 sulas

244 779 357 840 Audire
369 781 500 860 patiens;
521 781 614 842 omnis
627 783 816 843 immodestiae

285 883 390 944 Perosa
403 885 633 964 turpitudinem

245 987 412 1066 sensusque
425 988 507 1048 dubii
521 1000 550 1048 et
564 989 689 1048 involuti
702 990 871 1068 ambagibus

285 1092 404 1170 Impura
417 1102 537 1152 nauseat
551 1092 658 1153 abdita.

247 1193 279 1251 N
280 1216 313 1254 ao
325 1196 459 1255 initiatur
471 1196 601 1274 mysticis
617 1196 824 1275 congressibus,

286 1298 446 1378 Noctisque
459 1299 644 1368 ceremoniis,

247 1400 307 1461 Vel
319 1402 444 1463 induens
456 1402 576 1472 larvam,
592 1402 639 1462 vel
653 1403 801 1462 obnubens
815 1411 912 1479 caput,
936 1412 941 1419 “

286 1505 433 1565 Lasciviat
446 1517 481 1565 ut
494 1505 654 1566 audentior.

249 1608 281 1666 N
282 1629 323 1678 ec,
337 1609 499 1668 invenustis
512 1620 546 1668 ut
559 1608 671 1668 fritillis
684 1609 824 1687 increpet,

288 1712 331 1772 Et
343 1711 414 1772 aleis
428 1712 586 1791 impunest,

249 1814 396 1876 Tenebras
410 1815 552 1895 adusque
566 1815 633 1875 solis
646 1826 742 1875 ortum
756 1813 872 1894 vigiliis,

288 1919 456 1998 Lucemque
470 1919 520 1978 dat
533 1920 700 1999 soporibus3

249 2021 359 2081 Dulces
372 2022 430 2081 diei
444 2032 475 2082 et
488 2023 580 2082 noctis
594 2012 743 2083 invertens
757 2023 842 2092 vices,

290 2124 438 2204 Ratusque
451 2125 530 2204 leges
542 2134 714 2206 temporum.

250 2227 437 2307 Properantis
450 2230 504 2288 aevi
516 2229 658 2289 circulum
670 2230 799 2308 nympha
812 2229 929 2308 expleat

291 2331 354 2391 Has
367 2332 445 2391 inter
458 2332 627 2410 elegantias,

251 2435 458 2495 Pretermeare
472 2455 537 2514 quae
549 2437 648 2514 fugam
663 2437 730 2495 vitae
743 2436 824 2505 sinit,

292 2539 475 2618 Brevemque
489 2559 631 2599 summam
644 2539 777 2618 negligit.

251 2643 388 2731 Quoslire
401 2654 432 2702 et
445 2643 566 2703 interire
578 2643 756 2722 permittunt
769 2642 831 2702 dies

292 2736 464 2829 Indfflgens,
480 2746 640 2824 incogitans

253 2846 370 2928 Vulgus
382 2848 556 2929 puellarum,
571 2849 694 2908 Melissa
707 2859 854 2928 computat

293 2951 434 3011 Feliciore
448 2952 566 3012 calculo.

253 3054 332 3114 Tuas
347 3056 377 3112 in
392 3055 467 3116 uades
480 3054 606 3134 nuptiali
618 3075 685 3115 oum
699 3056 770 3125 face,

291 3158 413 3218 Etcum
427 3158 549 3218 Melissa
562 3160 693 3238 conjuge,
709 3147 715 3159 ⁸

254 3263 368 3323 Intrare
382 3264 526 3341 pronubas
539 3261 650 3322 videbis
662 3263 780 3341 gratias,

295 3366 473 3446 Sacrnmque
486 3367 630 3426 virtutum
644 3367 771 3427 chorum.
