2408 4252
418 412 507 450 Arion
522 411 672 451 monins.
691 407 694 419 '

374 924 503 984 AMOR
525 921 723 980 INERMIS.

119 1081 192 1152 Qus
206 1092 319 1160 myrtus
333 1083 419 1140 ramis
432 1081 553 1140 viridem
569 1079 719 1139 contexuit
733 1080 863 1137 umbram

161 1184 291 1254 Diffusis,
304 1185 396 1263 jacuit
410 1185 587 1262 semisupina
598 1182 698 1241 Chloe.

121 1287 191 1346 Huc
204 1288 293 1346 tacito
306 1288 425 1346 accessit
437 1287 560 1347 tendens
573 1286 695 1363 vestigia
708 1305 817 1362 gressu,

159 1389 202 1449 Et
216 1391 318 1449 furtim
332 1390 363 1448 in
376 1389 456 1448 molli
469 1399 586 1468 pectore
600 1389 676 1448 sedit
689 1387 789 1447 Amor.

120 1493 267 1571 Expansis
280 1513 419 1551 mammas
432 1492 486 1550 alis
499 1492 636 1570 protexit,
651 1501 682 1550 et
695 1490 775 1548 intus

160 1597 312 1654 Intrusum
325 1595 452 1654 occuluit
466 1594 603 1672 parvulus
617 1613 680 1651 erro
694 1603 790 1670 caput.

122 1905 166 1964 Ut
179 1905 308 1983 nympha
321 1905 447 1964 excussit
461 1923 603 1971 somnum,
618 1902 770 1980 perterrita
784 1915 893 1960 numen

162 2005 199 2064 ln
212 2005 312 2084 tepido
325 2006 415 2065 sensit
428 2005 578 2064 delituisse
591 2006 666 2062 sinu.

120 2110 166 2168 At
179 2129 315 2168 revocans
329 2110 447 2176 animos,
460 2109 592 2168 fraudem
605 2109 659 2167 sub
671 2119 787 2186 pectore
801 2118 904 2176 versat,

162 2212 275 2271 Caeterc
289 2213 339 2290 qui
353 2212 441 2280 fallit,
455 2211 557 2271 fallere
571 2223 649 2270 certa
663 2211 760 2270 deum.

121 2314 200 2373 Tum
215 2315 327 2374 solvens
341 2335 453 2382 zonam,
468 2316 550 2392 pueri
565 2335 616 2391 per
630 2315 744 2373 brachia
758 2313 848 2384 ducit,

162 2418 204 2476 Et
217 2429 333 2476 teneras
347 2418 437 2475 vincit
451 2416 554 2476 callida
567 2418 695 2495 nympha
707 2437 818 2476 manus.
851 2431 855 2437 '

122 2727 259 2806 Sopitum
272 2727 383 2785 laedunt
399 2725 498 2784 divum
512 2747 586 2784 nova
600 2726 732 2795 vincula;
755 2746 863 2794 somne,

163 2828 233 2887 Non
246 2829 288 2888 ita
302 2849 368 2887 cum
383 2828 495 2887 vinc'lis
509 2828 683 2888 excutiendo
694 2829 772 2898 tuis;

122 2929 183 2990 Ter
195 2930 278 2990 filum
292 2952 365 2990 vano
378 2941 473 2990 tentat
488 2930 654 3008 diffringere
668 2931 744 2998 nisu,

163 3033 222 3092 Ter
235 3035 343 3093 frustra
356 3034 393 3092 ad
406 3033 528 3093 celerem
541 3034 673 3101 tenditur
688 3035 733 3093 sla
747 3035 855 3113 fugam.

122 3240 166 3299 Et
179 3241 323 3319 trepidam
337 3243 471 3319 quatiens
485 3263 619 3320 pennam,
635 3262 700 3300 cum
715 3241 831 3301 fletibus
845 3243 951 3319 inquit,

163 3349 185 3375 “
196 3344 333 3403 Fortunae
347 3346 485 3422 ignoscas,
499 3345 605 3404 blanda
619 3345 726 3424 puella,
741 3366 812 3404 meae
823 3369 846 3415 ;Δ

681 3467 705 3505 rr
720 3449 739 3504 2
