2408 4252
403 429 441 470 ru
455 423 803 469 cnursnrsrauurun.
985 401 1025 472 37

323 818 372 877 ιΝ
393 783 627 879 cannulias
647 816 872 876 JANUARH.
909 906 923 929 Ὗ

173 976 194 1033 J
195 995 261 1035 nnn
276 985 368 1054 pater,
382 976 497 1054 gemino
510 975 602 1035 cernis
615 975 666 1053 qui
678 985 809 1054 tempora
821 974 917 1043 vultu,

213 1077 274 1148 Qui
288 1077 376 1139 finem
389 1098 540 1147 annorum,
555 1077 788 1156 principiumque
798 1077 898 1148 vides3

176 1179 318 1257 Tempora
330 1180 487 1259 prospicias
500 1181 656 1250 nascentia,
670 1190 701 1240 et
714 1181 809 1240 omine
823 1181 890 1240 lanto

213 1282 385 1361 Distiuguat
399 1284 511 1343 faustos
524 1282 663 1344 candidus
675 1283 744 1342 ordo
758 1283 828 1344 dies.

178 1387 303 1447 Ferratis
316 1389 416 1449 cohibe
429 1389 539 1450 foribus
552 1378 667 1449 tristem
680 1389 761 1450 intus
774 1392 906 1469 erynnin‚

213 1489 348 1568 Improba
358 1512 411 1551 nec
424 1501 522 1571 poscat
535 1492 642 1553 civicus
656 1513 734 1552 arma
747 1494 835 1552 furor.

178 1591 311 1671 Incipiat,
326 1615 436 1672 precor,
450 1596 584 1674 auspiciis
597 1595 730 1660 felicibus
743 1617 845 1667 annus,

213 1696 266 1766 Et,
281 1698 386 1776 quibus
400 1698 535 1778 auspiciis
548 1698 651 1776 incipit
664 1719 767 1769 annus,
783 1710 839 1761 eat.

420 2171 470 2228 IN
490 2169 785 2229 EPIPHANIAM.

177 2323 234 2383 Irn
250 2325 367 2385 domum
380 2328 510 2398 reduces,
525 2339 554 2387 et
567 2328 672 2406 gaudia
686 2328 773 2388 dicite
787 2341 901 2400 vestra3

211 2429 320 2490 Omine
334 2429 465 2492 laetautes
477 2433 579 2492 sideris
591 2433 642 2501 ite,
656 2433 742 2510 magi.
866 2434 869 2439 ’

175 2529 300 2591 Vidistis
313 2543 409 2593 toturn
421 2534 553 2614 implevit
567 2535 617 2613 qui
631 2536 751 2594 numine
765 2534 875 2606 caelum,

212 2634 297 2694 luter
309 2637 440 2714 mugitus
452 2637 500 2696 hic
513 2637 649 2696 recubare
663 2638 758 2695 boum.

176 2735 299 2797 Vidistis
313 2739 452 2799 blandum
464 2740 617 2809 infantem,
631 2741 682 2818 qui
695 2761 784 2818 regna
797 2739 926 2818 reliquit,

211 2841 255 2900 Ut
268 2840 363 2902 multa
375 2843 406 2900 in
419 2843 515 2912 terris,
528 2843 585 2902 heu
598 2844 604 2900 !
626 2842 702 2901 mala
714 2841 809 2903 multa
822 2842 913 2902 ferat:

176 2945 202 3002 Ο
215 2945 343 3004 humiles
356 2946 482 3006 animos!
505 2945 597 3005 divini
610 2966 627 3004 ο
640 2947 747 3024 pignus
760 2946 879 3004 amoris!

213 3049 301 3121 Quod
314 3050 396 3109 Deus
409 3050 456 3109 hic
468 3061 575 3120 noster,
589 3049 654 3128 quis
668 3049 751 3110 Deua
764 3049 838 3111 alter
851 3053 938 3127 aget?
