2408 4252
181 385 239 444 188
314 403 443 444 nnuxus
458 406 501 443 nu
516 404 689 443 nnsnuxus
704 403 815 454 musis,
830 405 904 445 nuc.

180 541 308 602 AEtheris
322 542 390 602 hinc
402 544 484 621 ignes
497 542 646 611 labuntur,
662 552 691 601 et
706 553 781 602 errat
794 543 826 600 in
839 544 924 602 orbes

180 645 312 724 Quisque
325 667 400 715 suos,
416 646 520 705 Phoebi
534 646 661 714 arbitrio,
675 646 725 725 qui
739 646 833 704 sideru
847 659 928 705 certo

180 749 359 828 circumagit
372 770 452 828 gyro,
468 769 530 808 sese
544 770 641 809 exsors
653 749 715 827 ipse
728 749 881 807 movendi:

180 852 262 911 Hinc
275 852 361 912 celeri
375 854 483 911 circum
497 853 640 930 vertigine
654 852 783 930 Cynthia
795 862 878 930 raptu

180 956 328 1025 Volvitur,
342 966 373 1015 et
387 957 480 1015 varias
494 956 653 1034 splendoris
666 956 777 1014 lubrica
790 957 899 1015 formas

180 1059 292 1127 Induit,
307 1081 356 1119 ora
369 1059 461 1119 modis
474 1070 621 1118 ostentans
635 1059 757 1118 candidu
770 1059 860 1118 miris.

95 1179 100 1187 ’
180 1163 255 1236 Qure
267 1164 403 1244 quoniam
415 1175 506 1223 terres
520 1163 637 1242 propius
651 1185 723 1241 vege
735 1163 847 1222 lumine
860 1163 979 1233 lustret,

179 1268 290 1336 Efficit,
304 1278 339 1326 ut
353 1268 457 1347 cupide
470 1288 584 1326 sursum
598 1268 689 1345 magis
701 1268 798 1326 omnia
810 1267 936 1326 tendant

180 1371 315 1449 Surgere,
330 1370 526 1448 dilectumque
538 1381 643 1449 parent
656 1371 790 1430 accedere
803 1369 841 1428 ad
854 1371 962 1430 orbem.

180 1473 224 1533 At
237 1473 297 1533 leni
310 1475 437 1552 imperio
446 1474 571 1533 Phoebes
585 1495 686 1552 parere
699 1486 833 1534 recusant

181 1575 290 1635 Educti
304 1575 372 1635 caelo
384 1587 507 1645 montes,
521 1577 669 1655 nullisque
682 1578 839 1636 trahuntur

180 1678 339 1747 lllecebris‚
354 1679 444 1739 solido
456 1681 532 1739 vires
546 1681 617 1739 dum
631 1701 746 1759 corpore
759 1682 891 1742 vincunt.

180 1783 281 1842 Mollis
295 1804 377 1862 aqnae
391 1785 477 1842 citius
490 1783 567 1842 cedit
580 1794 693 1852 natura,
707 1786 851 1862 marisque

180 1887 322 1964 Agnoscit
336 1887 499 1957 domincm;
521 1886 626 1946 fluctus
640 1887 728 1945 simul
740 1887 792 1946 ille
805 1886 936 1948 volentes

179 1990 230 2049 Ad
243 2010 306 2049 sese
319 2002 410 2060 vocat,
425 2001 512 2069 atque
525 1991 583 2050 imo
596 1991 654 2049 ciet
668 2011 780 2069 aequora
793 1991 894 2061 fundo,

180 2092 328 2151 Attollens
341 2092 481 2170 liquidam
495 2093 599 2152 molem
613 2114 784 2173 camposque
797 2105 941 2156 natantes.

179 2196 235 2266 Ac,
250 2196 332 2255 velut
345 2197 461 2256 incense
474 2197 589 2274 ingenti
602 2197 744 2274 magnetis
757 2185 853 2256 emore

178 2299 274 2359 Ardet
287 2321 365 2367 acus,
379 2310 569 2378 properatque
583 2300 667 2368 coire,
681 2298 814 2377 salitque,
828 2310 1012 2380 tremensque

180 2404 298 2463 Nititur
311 2403 348 2462 ad
361 2403 465 2480 lapidis
477 2403 565 2471 lutus,
579 2415 609 2461 et
623 2424 698 2462 nove
711 2403 825 2462 vincula
840 2406 949 2474 sentit;

180 2507 271 2566 Haud
284 2507 377 2575 aliter,
391 2507 469 2566 luuae
481 2507 635 2573 observans
649 2507 714 2576 iter,
729 2505 816 2565 altius
832 2507 927 2567 undas

180 2610 288 2688 Erigit,
302 2611 484 2688 assurgitque
497 2610 581 2669 fretis
594 2609 774 2668 ferventibus
788 2630 891 2689 aequor.

179 2713 211 2771 N
212 2734 246 2772 ec
258 2734 347 2781 more,
361 2733 415 2772 nec
428 2714 559 2791 requies;
581 2733 681 2791 quase
693 2713 752 2772 fert
767 2713 905 2792 Cynthia,
919 2716 1001 2794 ponti

179 2817 348 2896 Insequitur
361 2817 494 2876 cumulus
507 2837 601 2876 comes
614 2837 682 2886 una,
697 2828 728 2876 et
740 2818 844 2894 gibbus
858 2839 1006 2896 equarum.

180 2921 254 2979 Cum
269 2920 394 2997 primum
409 2931 506 2978 nostro
518 2920 592 2978 vasti
606 2920 706 2996 regina
719 2920 857 2997 profundi

180 3020 451 3100 Incumbitpelago,
465 3021 628 3099 tumidique
641 3021 678 3080 ad
691 3022 790 3080 littora
804 3022 911 3082 fluctus

179 3127 211 3184 N
212 3138 259 3186 ota
272 3137 373 3195 ruunt,
387 3136 470 3203 perte
484 3146 521 3185 ex
535 3125 591 3184 ulia
604 3125 764 3184 retinacula
777 3125 863 3184 solvit

179 3231 298 3298 Oceani,
312 3239 457 3307 pontoque
470 3249 568 3288 omues
581 3227 706 3287 effundit
720 3229 864 3298 habenas3

180 3333 342 3393 Subsidunt
355 3333 480 3392 humiles
493 3333 588 3401 undae,
603 3333 769 3411 refugaeque
782 3335 966 3393 recumbunt.
