2408 4252
182 401 238 460 142
415 419 457 459 nn
471 415 626 458 ronnnnrr
642 414 796 454 rnnruns.

180 559 317 630 Quantus
330 558 419 618 honos
432 557 497 625 arti,
512 575 565 634 per
578 574 666 634 quam
679 553 775 633 placet
788 555 851 633 ipsa
864 560 1019 621 senectus;

218 662 292 733 Quae
306 660 385 730 facit,
400 671 434 720 ut
448 659 583 739 nymphis
597 657 763 717 invideatur
776 658 867 716 anus!

180 765 288 825 Pictori
302 764 379 824 cedit
393 785 457 842 quae
469 763 569 840 gloria,
584 782 650 821 cum
663 781 717 820 nec
731 759 832 839 Apelli

218 869 361 947 Majorem
375 868 481 926 famam
496 865 545 925 det
559 865 705 944 Cytherea
718 865 787 923 suo!

304 1389 369 1447 AD
394 1387 640 1447 JOANNEM
671 1384 907 1453 PERKINS,

330 1564 542 1604 ASTROLOGUM
558 1561 880 1603 cnnrnnululunsuru.

178 1705 290 1772 Iausm,
305 1704 467 1763 amabiliter
479 1704 551 1762 lusit
566 1703 697 1762 Fortuna
707 1703 812 1780 jocosa,

219 1808 262 1867 Et
276 1818 356 1884 tunc,
371 1793 521 1885 siquando,
535 1817 606 1866 tunc
619 1805 733 1864 oculata
747 1805 805 1864 fuit
813 1825 823 1874 3

178 1911 254 1970 Cum
268 1911 333 1979 tihi,
348 1908 368 1984 J
369 1931 485 1980 oannes,
500 1909 533 1967 N
533 1909 657 1969 ewtoni²
670 1922 800 1968 sternere
812 1907 942 1977 lectum3

219 2015 294 2073 Cum
308 2015 363 2073 tibi
376 2034 510 2073 museum
524 2033 637 2073 verrere
651 2013 717 2071 diva
731 2011 820 2070 dedit.

178 2119 210 2176 N
212 2140 258 2178 am
272 2119 342 2177 dum
356 2117 407 2177 ille
420 2118 551 2177 intentus
566 2117 670 2176 studiis
683 2115 849 2175 coelestibus
862 2116 957 2184 haesit,

219 2222 392 2300 Concipiens
404 2222 502 2280 ambos
510 2231 613 2280 ¹mente
627 2240 729 2298 capace
743 2219 839 2298 polos;

179 2324 299 2397 Quanta
313 2346 378 2384 cum
392 2323 485 2384 stellis
498 2323 598 2393 stellae,
613 2344 737 2402 cumque
750 2323 867 2383 orbibus
880 2322 974 2390 orbes,

219 2428 381 2487 Harmonia
394 2438 519 2496 servent,
533 2447 648 2506 quoque
661 2437 771 2496 tenore,
786 2425 879 2486 vices:
896 2450 899 2454 ’

179 2532 293 2612 Impete
307 2553 363 2610 quo
377 2551 493 2590 cursum
507 2529 646 2589 acceleret
659 2550 711 2609 per
724 2529 811 2589 inane
824 2540 961 2600 cometes,

219 2635 331 2714 Urgent
344 2644 378 2693 ut
391 2634 521 2713 rapidam
534 2634 752 2713 praecipitetqne
765 2634 883 2712 fugam:

180 2737 253 2796 Haec
266 2737 317 2796 ille
331 2736 497 2815 expendens
511 2737 616 2804 animo,
632 2736 703 2795 dum
716 2737 863 2796 schemata
876 2736 960 2797 docta

219 2840 348 2909 Format,
362 2849 392 2899 et
406 2839 443 2898 ad
456 2860 590 2899 numeros
603 2839 713 2918 grande
726 2840 839 2899 reducit
853 2859 943 2918 opum

181 2943 228 3003 Tu
241 2964 354 3022 quoque
368 2954 506 3022 cognatus
519 2943 622 3014 stellis,
637 2945 789 3024 Martique
801 2942 950 3021 donique,⁴

218 3047 367 3106 Mercurio
379 3057 410 3106 ct
423 3046 544 3119 Veneri,
558 3068 615 3107 non
628 3047 713 3106 rudis
722 3048 825 3125 hospes
838 3066 918 3106 eras:

132 3312 138 3321 ·
211 3294 219 3324 ⁸
235 3293 314 3342 Issaei
323 3293 435 3351 Newton,
446 3310 485 3359 eq.
496 3310 547 3343 aur.
558 3295 626 3360 cujus
636 3295 701 3342 fama
711 3293 811 3357 longiori
822 3294 975 3345 annotatione
986 3310 1031 3343 non

179 3383 243 3439 eget.
