2408 4252
437 401 533 443 auom
548 402 592 442 nn
605 401 761 443 corruas.
981 384 1019 444 85

172 537 304 619 Accepit,
317 538 454 620 novitque
467 560 560 611 omen,
574 541 648 601 bene
661 541 773 601 conada
786 541 865 619 virgo

209 643 288 713 Fati,
301 642 400 704 feralis
413 644 490 723 quod
503 645 650 704 recinebat
664 646 744 715 avis3

174 747 213 807 Et
225 747 350 807 moriens
363 748 499 827 nymphis
511 747 619 807 circum
632 747 858 826 lacrymantibus
871 748 948 818 infit,

210 849 259 908 Sic
270 870 357 929 super
369 850 500 928 exequiis
513 849 691 930 illacrymata
704 850 773 911 suis.

177 1058 311 1119 “Vocem
324 1078 388 1138 ego,
401 1079 488 1138 quam
501 1060 581 1118 vobis
594 1080 651 1118 nou
665 1070 709 1120 est
722 1059 832 1128 audire,
843 1059 995 1138 jubentem

208 1162 317 1231 Audio,
331 1173 474 1221 maturem
486 1161 720 1241 precipitemque
733 1161 842 1240 fugam.
952 1187 954 1193 ·

177 1264 311 1324 Dextram
324 1285 387 1343 ego,
400 1285 486 1343 quam
499 1265 579 1324 vobis
592 1285 650 1323 non
663 1275 707 1324 est
720 1275 859 1343 spectare,
871 1275 1018 1324 vetantem

210 1366 327 1446 Specto,
342 1387 379 1426 ue
393 1368 500 1444 fingam
514 1367 585 1445 quid
597 1368 756 1427 mediterve
769 1388 863 1426 moras.

177 1469 207 1528 lu
218 1470 319 1549 primae
331 1471 435 1531 morior
448 1472 565 1541 succisa,
579 1472 654 1530 heu!
678 1471 745 1531 flore
755 1472 895 1549 juventae,

210 1572 338 1632 Pectoris
350 1572 432 1631 infidi
445 1583 529 1652 capta
541 1572 639 1651 puella
653 1572 725 1632 dolo.
791 1624 803 1642 ,

178 1673 244 1733 ldne
257 1685 372 1753 aequum
386 1686 417 1734 et
430 1676 474 1734 fas
487 1686 531 1735 est
544 1675 616 1734 vitio
627 1675 698 1732 mibi
712 1685 834 1743 vertere,
849 1692 958 1754 sponsae

210 1777 296 1850 Quod
309 1778 402 1838 minor
415 1788 460 1838 est
471 1776 557 1855 longa
570 1777 621 1838 dos
633 1797 698 1838 mea
710 1776 777 1837 dote
790 1782 890 1839 nova?

178 1982 280 2043 “Vota
293 1984 375 2052 mihi,
389 1983 409 2042 J
411 1984 522 2054 uvenis,
536 1984 591 2043 soli
603 1983 676 2041 mihi
688 1984 809 2052 credita,
822 1984 903 2043 nulla

210 2086 276 2146 Oh!
298 2087 417 2146 alienari
430 2087 592 2147 conditione
605 2087 689 2146 sinas

179 2187 215 2248 At
226 2210 322 2268 neque
334 2200 378 2259 tu,
392 2189 482 2268 virgo,
495 2190 600 2250 blande
613 2210 692 2248 nunc
703 2189 800 2249 oscula
813 2190 940 2260 dantem,

211 2293 297 2365 Quod
310 2303 381 2352 tuus
393 2304 438 2352 est
451 2292 547 2363 hodie,
560 2292 668 2352 dixeris
682 2313 744 2352 esse
757 2303 851 2352 tuum.

180 2395 300 2476 iungere
313 2417 375 2456 cras
389 2395 498 2456 dextrae
511 2395 643 2456 dextram
655 2396 815 2475 properatis
829 2407 960 2475 uterque,

212 2500 251 2559 lit
264 2500 347 2560 tarde
360 2500 472 2559 interea
485 2499 601 2560 creditis
613 2498 656 2558 ire
669 2499 756 2559 diem.

181 2601 297 2663 Credula
309 2604 379 2682 quin
393 2603 483 2680 virgo,
494 2602 610 2680 juvenis
623 2603 693 2681 quin
706 2603 825 2681 perfide,
840 2616 962 2684 uterque

212 2705 299 2776 Scite,
312 2707 388 2785 quod
401 2717 432 2765 et
445 2706 522 2784 pacti
535 2706 628 2765 Lucia
640 2707 724 2767 tastis
736 2707 801 2767 erit.

182 2911 345 2991 “Exangue
357 2914 412 2972 obl
433 2912 512 2980 illuc,
525 2912 654 2981 comites,
669 2912 780 2972 deferte
794 2915 924 2983 cadaver,

212 3015 276 3087 Qua
288 3015 378 3075 semel
391 3016 446 3075 oh!
467 3015 572 3075 iterum
585 3015 812 3094 congrediamur,
826 3013 867 3077 ait
879 3039 888 3088 ,·

184 3115 311 3178 Vestibus
322 3129 440 3178 ornatus
453 3118 633 3198 sponsalibus
645 3119 704 3190 ille,
719 3130 863 3199 caputque

215 3221 277 3301 Ipsa
289 3221 463 3301 sepulchrali
476 3222 573 3282 vincta
586 3222 730 3302 pedesque
744 3224 843 3284 stola.”
