2408 4252
444 387 552 428 canan
566 387 761 428 anseranum.
973 369 1030 439 167

174 526 239 586 Sub
250 529 321 607 ripis
333 527 421 586 latuit
434 527 493 586 fors
506 527 692 586 ulterioribus
707 528 786 596 echa,

216 630 322 691 Audiit
335 641 366 690 et
379 651 466 690 vanas
479 629 591 690 ludicra
603 631 732 709 nympha
744 630 852 689 minas:

175 734 302 804 Audiit;
324 745 354 794 et
367 734 446 794 rabie
458 735 566 793 rabiem
579 733 758 812 lepidissima
769 734 877 792 vindex

219 838 327 898 Ulcisei
341 839 454 907 statuit,
468 857 577 917 parque
590 839 698 899 referre
712 838 783 916 pari.

177 940 235 1001 Ille
248 961 421 1020 repercussae
434 941 572 1020 deeeptus
586 941 712 1019 imagine
725 941 811 1010 vocis,

220 1046 334 1104 Irarum
346 1045 500 1123 impatiens
510 1045 572 1122 jam
585 1045 685 1122 magis,
700 1054 802 1122 estque
814 1044 915 1122 magis.

180 1146 315 1207 Reddere
328 1147 451 1207 latratus
463 1147 558 1226 pergit
571 1147 726 1206 latratibus
739 1147 829 1217 ech03

223 1249 376 1328 Quemque
389 1250 467 1309 canis
480 1249 594 1318 statuit,
608 1259 704 1309 servat
717 1250 811 1328 imago
824 1250 951 1308 modum.

182 1353 315 1413 Tandem
329 1354 380 1412 ubi
392 1353 505 1413 lassate
517 1354 625 1422 faueas,
639 1364 669 1413 et
682 1353 812 1432 spiritus,
826 1364 856 1413 et
870 1375 943 1425 vox;

223 1456 364 1516 Deferret
377 1457 470 1516 rabies
483 1467 554 1526 tota,
568 1456 691 1535 siletque
704 1458 790 1516 canis.

184 1561 227 1620 Et
240 1571 354 1639 poterat
368 1561 481 1620 siluisse
494 1561 593 1639 prius;
614 1561 693 1618 furor
706 1562 798 1619 omnis
813 1561 939 1639 ineptus,

224 1664 385 1742 Omnisque
397 1665 428 1721 in
441 1683 504 1722 sese
516 1663 611 1722 futilis
622 1664 665 1721 ira
677 1663 762 1722 redit.

400 2217 548 2276 CRURA
568 2215 829 2276 ADSCITITIA.

191 2377 285 2436 Hanc
299 2397 372 2456 puer
387 2374 432 2449 (et
445 2376 528 2455 pueri
542 2385 670 2433 mentem
684 2395 797 2452 quoque
811 2375 901 2453 gloria
913 2375 1023 2453 tangit)

227 2479 333 2538 Artem
346 2479 444 2546 habet,
459 2491 493 2536 ut
507 2498 569 2536 sese
582 2477 683 2536 tollere
697 2478 785 2555 possit
799 2479 903 2537 humo:

192 2581 305 2642 Selecta
318 2603 355 2641 ex
367 2581 477 2640 baculis
491 2581 548 2640 duo
560 2581 640 2657 ligna
653 2581 774 2659 abiegna
786 2582 918 2660 requirit,

231 2686 364 2759 Quatuor
377 2685 414 2744 ad
427 2685 552 2763 spatium
565 2685 668 2764 plusve
681 2686 814 2744 minusve
827 2685 943 2763 pedum.

193 2791 250 2849 His
264 2791 362 2859 etiam,
376 2801 410 2848 ut
423 2789 528 2848 melius
541 2789 663 2867 vestigia
676 2787 781 2857 firmet,
795 2789 901 2866 equino

232 2894 279 2952 De
292 2885 366 2953 norid
379 2893 469 2971 affigit
482 2893 569 2952 fortia
582 2892 642 2952 lora
655 2892 720 2951 duo.

194 2999 431 3076 Quaepostquam
445 2998 533 3057 clavis
546 3017 634 3076 supra
647 2996 778 3056 devinxit
792 3007 822 3056 et
835 2996 921 3066 infra,

233 3103 301 3181 Ipse
314 3121 399 3161 suum
413 3100 537 3168 scandit,
550 3101 628 3179 quod
641 3101 801 3170 fabricavit,
815 3120 904 3178 opus:

197 3207 345 3285 Cautaque
358 3205 477 3275 incedit,
491 3206 585 3285 prima
597 3205 634 3265 ad
647 3206 819 3275 tentamina,
832 3223 942 3281 gressu,

234 3309 276 3367 Et
291 3329 364 3367 nova
378 3329 443 3368 eum
456 3308 549 3368 multo
562 3329 644 3369 crura
657 3319 781 3368 tremore
795 3317 899 3367 movet.
