2408 4252
358 409 473 449 nouus
488 408 758 462 nnnnvonnnurn,
773 409 845 452 nno.
971 393 1028 452 133

253 547 390 626 Augusta
401 568 493 619 mens,
507 548 589 618 felix,
605 548 719 608 abunde
731 549 815 618 felix,
847 562 850 566 ’

331 651 368 709 In
383 651 498 711 silentio
511 673 592 712 casoe.

254 754 285 811 N
286 774 319 814 ec
332 755 386 823 his,
401 756 518 834 superbi
530 777 601 835 quos
610 757 716 834 juvant
729 757 885 827 tumultus,

331 858 467 919 Invidete
480 859 615 919 cellulam
627 883 634 918 ε

254 961 410 1035 Fruuntur,
425 983 539 1042 [equum
553 975 607 1033 est,
622 965 675 1023 hec
688 965 769 1025 brevi
782 966 890 1044 quiete,

333 1064 459 1144 Otioque
471 1066 605 1145 simplici,

254 1168 355 1227 Salute
368 1170 418 1246 qui
432 1189 483 1248 pro
496 1170 603 1229 civium
617 1170 755 1230 laborant.

213 1901 371 1960 MUTUA
392 1899 742 1968 BENEVOLENTIA
764 1901 985 1964 PRIMARIA

391 2056 480 2117 LEX
501 2058 693 2118 NATURAE
714 2059 804 2117 EST.

175 2214 246 2274 Pnn
260 2216 362 2294 Libyae
375 2215 537 2275 Androcles
550 2217 638 2276 siccas
651 2218 764 2276 enabat
777 2238 886 2288 arenas,

213 2320 274 2391 Qui
288 2339 378 2397 vagus
391 2319 498 2377 iratum
512 2319 629 2396 fugerat
642 2319 712 2379 exul
724 2317 838 2379 herum.

174 2424 294 2483 Lassato
306 2421 436 2490 tandem,
450 2423 599 2501 fractoque
611 2423 708 2482 labore
721 2423 843 2493 viarum,

212 2525 263 2585 Ad
276 2525 386 2605 scopuli
399 2527 496 2604 patuit
509 2547 582 2585 coeca
595 2546 716 2585 caverna
729 2525 814 2585 latus.

96 2614 98 2618 Α
175 2630 261 2689 Hanc
273 2630 371 2699 subit3
393 2641 423 2689 et
436 2628 556 2708 placidae
570 2628 688 2688 dederat
702 2629 751 2687 vix
764 2630 892 2688 membra
905 2632 1007 2708 quieti,

211 2733 288 2792 Cum
302 2732 399 2792 subito
411 2733 545 2791 immanis
557 2733 636 2811 rugit
649 2731 686 2792 ad
699 2743 782 2792 antra
794 2733 856 2792 leo:

175 2836 228 2896 llle
241 2835 347 2915 pedem
362 2835 498 2895 attollens
511 2836 621 2905 laesum,
635 2846 665 2894 et
679 2835 842 2895 miserabile
854 2856 985 2895 murmur

212 2939 323 3008 Edens,
337 2960 395 3018 qua
408 2950 522 3019 poterat
535 2959 612 3008 voce,
627 2949 761 3017 precatur
774 2959 867 3018 opem.

174 3042 328 3102 Perculsus
342 3044 469 3102 novitate
483 3044 535 3112 rei,
550 3043 734 3120 incertusque
747 3042 860 3113 timore,

211 3147 274 3206 Vix
288 3147 406 3207 tandem
420 3147 558 3207 tremulas
572 3147 704 3205 admovet
718 3166 780 3205 erro
793 3166 911 3205 manus:

174 3250 214 3310 Et
228 3251 341 3329 spinam
355 3250 506 3329 explorans
520 3247 602 3324 (nam
616 3248 674 3307 fixa
687 3249 717 3306 in
732 3247 851 3307 vulnere
865 3250 946 3327 spina

212 3355 367 3435 Harebat)
383 3366 467 3415 cauto
479 3353 606 3414 molliter
619 3373 717 3432 ungue
730 3340 829 3412 trahit.
