2408 4252
417 389 593 457 uppremo
607 389 649 428 ao
664 390 788 431 aucun.
976 370 1032 439 127

176 528 219 587 Ut
234 529 289 586 tibi
303 529 352 586 vix
366 528 438 587 solvi
451 529 569 588 meritos
582 529 700 607 patiaris
713 529 842 587 honores,

177 631 302 710 lnjustis
316 632 366 690 alii
378 651 461 710 reges
474 632 661 690 dominentur
674 633 706 689 in
720 632 816 700 armis,

175 734 259 806 Quos
273 749 324 794 aut
338 735 422 795 cedis
435 756 523 804 amor,
537 736 656 794 famave
670 736 770 793 insana
783 736 887 813 cupido

176 838 299 918 Imperii
312 838 384 898 lines
396 839 455 898 late
469 839 581 917 signare
595 840 679 898 ruina

176 942 313 1021 Impulit,
328 952 357 1001 et
372 943 456 1001 vacui
469 942 581 1001 deserta
595 942 753 1001 extendere
766 942 867 1020 regni:
968 924 969 928 ἵ

178 1045 239 1104 Hae
252 1046 307 1104 tibi
320 1056 390 1105 sunt
403 1057 489 1114 artes,
503 1046 572 1104 caelo
585 1047 618 1104 o!
640 1046 784 1104 carissime
797 1046 940 1124 princeps,

179 1149 307 1209 Excelso
320 1171 337 1208 a
349 1148 419 1209 solio
431 1148 532 1228 procul
545 1150 697 1208 observare
710 1148 864 1228 procellam

178 1253 214 1311 N
214 1264 369 1336 aseentem,
384 1264 414 1312 et
427 1253 497 1338 belli
511 1254 618 1332 primos
632 1274 810 1333 compescere
824 1253 950 1325 fluctus;

180 1355 366 1415 contractam
380 1366 488 1415 terrore
504 1355 629 1436 Europa
643 1357 806 1435 expandere
821 1358 956 1427 frontem,

179 1458 299 1518 Ducere
312 1458 344 1517 in
357 1460 524 1538 amplexum
537 1460 667 1538 populos
682 1471 712 1519 et
727 1460 835 1519 foedere
849 1472 952 1539 gentes

180 1561 202 1619 J
203 1583 323 1640 ungere,
338 1573 367 1622 et
381 1563 413 1621 in
426 1584 525 1641 pacem
539 1563 680 1622 luctantia
694 1584 794 1647 cogere
807 1585 905 1643 regna.

183 1665 284 1745 thue
297 1677 379 1725 tuam
392 1665 504 1725 adversi
518 1688 610 1745 nuper
624 1688 690 1725 cum
705 1688 851 1726 murmure
864 1670 945 1728 venti

185 1770 332 1848 Frangere
346 1770 491 1849 paulisper
505 1771 610 1839 eonati,
626 1791 709 1848 egere
725 1771 900 1830 Britannum

182 1873 235 1931 Ad
248 1884 373 1951 portum,
387 1885 418 1933 et
430 1885 496 1932 tuto
509 1894 629 1953 posuere
642 1875 674 1932 in
688 1875 786 1934 littore
799 1896 919 1934 navem:

185 1976 235 2034 Sic
247 1998 312 2056 quur
322 1978 383 2054 jam
397 1988 522 2056 stragem
536 1978 663 2037 intentat
677 1967 809 2037 felicibus
824 1978 931 2057 Anglis

185 2079 365 2159 Tempestas,
380 2082 519 2160 saevitque
532 2084 629 2152 minis,
643 2093 822 2160 martemque
835 2082 958 2151 lacessit,

185 2182 229 2243 Te
244 2183 373 2243 medium
386 2184 455 2244 belli
469 2186 603 2264 pacisque
617 2187 667 2244 ubi
681 2187 813 2254 senserit,
827 2186 905 2245 ultro

185 2288 328 2348 Innocuos
342 2288 447 2348 fluctus
463 2290 616 2348 Britonum
631 2289 764 2348 devolvet
777 2291 813 2348 ab
826 2290 892 2357 oris,

185 2391 227 2450 Et
242 2392 350 2451 frustra
362 2392 491 2470 inceptas
504 2404 592 2471 ponet
607 2394 772 2452 submissior
786 2394 851 2452 iras.
