2408 4252
256 401 411 441 TEMPORE
427 400 487 440 NIL
501 400 611 441 laneus
625 401 757 442 ALIENO·

168 695 380 758 TEMPORE
401 695 479 756 NIL
500 696 655 757 FACIAS
675 696 851 768 ALIENO.

80 851 133 911 An
147 853 296 913 modulum
309 855 412 934 eapitis
425 875 456 914 se
471 854 572 914 Flavia
584 855 691 933 crispat
704 847 791 923 ovini,

122 957 165 1016 Et
178 957 284 1018 eollum
297 957 335 1017 ad
347 956 456 1018 medios
469 957 561 1017 nudat
575 957 652 1017 anile
665 957 755 1018 sinus.

82 1056 144 1121 Ista
157 1081 260 1140 parum
272 1071 411 1141 prosunt:
432 1061 514 1120 nulla
527 1059 668 1120 celabitur
681 1070 753 1130 arte,

122 1163 197 1235 Quat
209 1164 343 1224 vetulum
355 1164 457 1224 infecit
471 1183 541 1223 cana
554 1173 669 1222 senecta
682 1173 777 1241 caput.

81 1265 114 1324 N
115 1286 148 1326 ee
159 1268 234 1326 bene
247 1268 398 1327 conveniet
411 1268 490 1346 rugis
503 1267 653 1327 adsumere
666 1286 768 1344 nugas,

122 1369 203 1442 Quas
216 1372 338 1430 nuribus
350 1371 455 1430 nostris
470 1370 567 1429 Gallia
579 1390 653 1428 vana
666 1368 756 1429 dedit.

82 1473 170 1546 Quod
183 1474 231 1542 ais,
246 1494 308 1533 esse
321 1473 410 1544 velis;
432 1484 462 1532 et
476 1494 542 1533 cum
555 1492 687 1532 revocare
696 1473 867 1550 juventam,v

123 1576 235 1647 Flavia,
249 1598 307 1636 non
319 1577 437 1656 puteris,
451 1577 490 1636 sis
503 1576 649 1655 patienter
662 1597 743 1635 anus.

278 1957 280 1962 ⁴
358 1937 471 1992 -Tl
484 1932 586 2008 μεταξὺ
599 1946 719 2014 asprandi,

197 2063 254 2120 naq
267 2052 327 2127 ἅμα
340 2079 380 2111 σοι
394 2059 510 2122 κλαύσω,
524 2065 574 2121 πῶς
587 2053 645 2129 ἅμα
659 2080 699 2112 σοι
711 2058 827 2130 γελάσω.

83 2207 123 2266 Iu
137 2208 245 2268 tabulis
257 2208 340 2268 binos
352 2210 458 2269 fratres
470 2229 598 2289 persaepe
610 2210 709 2270 ridere
724 2221 778 2279 eat,

124 2311 300 2390 Utrumque,
315 2323 349 2371 ut
363 2312 453 2372 tradit
466 2314 544 2372 fama
556 2324 682 2382 vetusta,
695 2333 803 2373 senem.

84 2414 146 2474 Hie
158 2434 220 2474 sese
233 2413 265 2472 in
277 2415 379 2484 risum,
392 2415 494 2493 patula
505 2415 569 2474 sine
582 2414 718 2475 dentibus
730 2435 789 2484 ore,

124 2518 229 2587 Solvit,
244 2529 275 2578 et
287 2519 428 2577 humanas
440 2538 488 2578 ree
499 2518 570 2578 facit
583 2538 645 2578 esse
653 2519 767 2595 jocum:

83 2622 121 2681 In
134 2610 382 2701 laarymaefusus,
395 2621 537 2701 vultuque
551 2621 610 2681 heu
619 2623 632 2703 l
647 2622 769 2682 tetricus
780 2620 831 2681 ille

125 2724 225 2785 Rebus
237 2726 269 2785 in
282 2725 416 2784 humanis
428 2724 472 2784 nil
484 2725 540 2783 nisi
553 2725 637 2786 triste
650 2724 738 2784 videt.

85 2826 207 2889 Ridenti
221 2840 271 2888 aut
286 2828 368 2889 flenti
382 2828 496 2888 eredis?
518 2828 542 2887 ai
556 2828 649 2888 credis
662 2829 787 2908 utrique,

126 2930 203 2991 Sunt
215 2953 262 2992 res
275 2934 407 2991 humana
421 2931 516 2991 flebile
529 2931 695 2991 ludibrium.

878 381 936 442 219
