2408 4252
177 387 217 447 50
438 407 576 447 rurnsrs
591 407 634 446 nr
648 406 765 446 ennon.

177 547 293 605 Excute
306 556 336 604 te
349 546 472 617 somrris3
493 556 633 604 nocturno
645 566 758 624 egressa
771 544 930 623 sepulchro,

219 650 330 709 Evocat
344 648 466 708 infidum
482 647 625 727 Thyrside
638 649 696 708 fide
710 649 817 708 Chloe:

178 753 310 812 Tandem
323 755 356 811 o!
377 773 455 811 nunc
468 752 586 812 tandem
600 753 744 821 miserere,
753 751 878 831 audique
892 750 1027 830 puellam,

218 857 275 916 cui
288 867 358 916 tuus
371 856 475 915 invidit
489 857 586 916 vivere
600 856 690 916 durus
703 876 790 915 amor.

180 1041 237 1098 Hee
250 1040 378 1099 tenebrae
391 1038 525 1116 querulos
538 1059 646 1108 manes,
660 1038 720 1096 haec
734 1037 812 1096 elicit
822 1036 902 1107 hora,

219 1145 262 1203 Ut
275 1143 397 1203 tumulis
410 1153 538 1204 reserent
551 1142 670 1201 humida
683 1140 807 1200 claustra
819 1141 898 1211 suis;

181 1249 360 1327 Spectraque
375 1247 549 1315 discurrunt,
563 1246 672 1325 perjuri
685 1257 776 1304 terror
790 1245 929 1304 ementis:

221 1351 264 1409 Ut
278 1350 426 1428 trepidum
440 1351 579 1409 infestent
593 1351 799 1428 exagitentque
812 1369 904 1408 reum.

181 1532 297 1610 Thyrsi,
311 1531 528 1603 tuumcrimen,
543 1529 659 1589 solenne
672 1529 806 1608 recollige
819 1528 925 1598 flodus

221 1636 264 1695 Et
277 1656 377 1694 revoca
390 1634 470 1694 laesos
483 1635 513 1692 in
527 1646 579 1694 tua
592 1643 659 1692 vota
672 1633 755 1691 deos:

181 1740 409 1819 Virgineamque
423 1738 519 1807 fidem,
531 1739 686 1816 jurataque
699 1738 786 1796 verba
800 1738 937 1807 remitte3

220 1845 263 1903 Et
276 1865 341 1903 mea
354 1843 443 1902 redde
455 1843 527 1900 mihi
540 1853 616 1911 vota,
630 1861 744 1901 resume
757 1851 817 1901 tua.

183 2027 219 2084 In
232 2047 289 2104 qua
303 2024 415 2084 defixus
428 2026 514 2084 toties
528 2026 636 2083 haerere
650 2023 770 2087 solebas,

222 2129 282 2201 Qui
296 2129 399 2188 faciem
412 2140 526 2207 poteras
538 2128 706 2187 destituisse
718 2129 833 2185 meam?

182 2235 243 2306 Qui
256 2244 401 2301 tenerum,
416 2242 446 2292 et
459 2252 556 2290 rerum
570 2233 703 2310 ignarum
714 2230 786 2287 mihi
796 2229 911 2288 vincere
921 2237 1033 2308 pectus,

218 2338 397 2416 Victumque
410 2335 536 2414 indignis
550 2335 722 2395 discruciare
736 2333 845 2403 modis;

184 2519 328 2579 Promisso
340 2520 485 2599 quianam,
500 2519 587 2577 nimis
600 2518 653 2576 oh!
675 2516 836 2595 promissor,
851 2535 957 2584 amore,

222 2623 350 2682 Polliciti
363 2634 477 2701 poteras
490 2623 640 2682 immemor
654 2641 716 2683 esse
729 2621 795 2679 tui?

183 2728 324 2788 Laudatis
337 2727 482 2806 quianam,
498 2727 584 2785 nimis
598 2727 651 2785 ah!
673 2724 815 2794 laudator,
830 2723 928 2783 ocellis

223 2832 368 2909 Extingui
381 2830 475 2889 multo
486 2850 586 2909 passus
600 2851 631 2889 es
644 2831 736 2888 imbre
749 2829 845 2888 foces?

140 3025 142 3028 ⁴
184 3015 290 3073 Dicere
303 3034 359 3072 cur
367 3023 490 3091 poteras,
505 3013 614 3071 labium
628 3012 683 3071 tibi
696 3032 785 3071 suave
797 3011 924 3072 rubescit
935 3032 946 3086 ς

224 3118 266 3176 Et
280 3117 360 3186 facit,
375 3127 409 3175 ut
423 3116 506 3175 cedet
520 3136 649 3196 purpure
663 3116 798 3195 pallidior

183 3222 288 3281 Dicere
302 3242 354 3280 cur
367 3224 502 3298 poteras?
525 3231 555 3280 et
568 3240 630 3299 ego,
644 3221 735 3292 rudis,
749 3221 839 3280 inscia
851 3220 941 3298 virgo,

224 3325 285 3384 Cur
298 3325 438 3385 blandum
452 3324 550 3402 adjuvi
563 3324 736 3385 credulitate
750 3325 868 3384 dolum?
