2408 4252
306 380 439 421 suranae
455 379 658 422 rnruounna.
852 361 906 431 171

379 767 587 827 PYRAMIS.

51 924 261 985 Prnaurnun
275 936 419 1004 sumptus,
433 926 470 984 ad
483 927 584 985 coelum
599 936 629 985 et
642 926 737 985 sidera
751 925 841 995 ducti,

93 1028 177 1100 Quid
190 1029 310 1106 dignum
324 1039 407 1088 tanta
420 1030 504 1097 mole,
519 1029 590 1107 quid
603 1030 683 1088 intus
696 1029 825 1088 habent?

52 1130 104 1189 Ah
116 1133 124 1189 ἔ
146 1132 219 1191 nihil
228 1134 308 1192 intus
318 1134 437 1203 habent,
448 1132 505 1191 nisi
516 1133 631 1211 nigrum
642 1133 764 1193 informe
774 1133 912 1204 cadaver3

96 1235 212 1296 Durata
224 1236 256 1294 in
269 1256 372 1295 saxum
385 1247 430 1296 est
444 1237 490 1295 cui
504 1236 646 1297 medioata
659 1257 732 1296 caro.

55 1338 175 1419 Ergone
188 1341 343 1419 porrigitur
356 1351 577 1400 monumentum
591 1341 622 1399 in
632 1341 736 1419 jugera
748 1343 826 1400 tota!

96 1443 177 1523 Ergo
189 1455 233 1503 tot
246 1465 396 1513 annorum,
410 1454 455 1503 tot
469 1464 664 1523 manuumque
676 1444 774 1504 labor!

58 1545 178 1626 Integra
190 1549 229 1606 sit
242 1568 354 1607 morum
367 1547 422 1606 tibi
436 1548 514 1618 vita3
535 1549 595 1608 haeo
608 1549 735 1627 pyramis
748 1560 827 1609 esto:

98 1650 141 1710 Et
154 1662 292 1730 poterunt
304 1650 419 1710 tumulo
432 1670 484 1710 sex
498 1652 568 1710 satis
580 1671 642 1711 esse
656 1652 752 1731 pedes.

248 2224 432 2282 STRADAE
452 2223 725 2282 PHILOMELA.

62 2380 238 2441 Puerorum
252 2381 365 2441 audivit
379 2382 495 2442 calamis
510 2380 670 2439 Philomela
683 2392 845 2449 canentem,

98 2486 143 2546 Et
157 2486 248 2546 voluit
261 2496 364 2546 tenues
379 2487 440 2565 ipsa
452 2487 560 2544 referre
574 2485 689 2554 modos;

59 2589 128 2669 Ipsa
139 2589 298 2648 retentavit
312 2609 455 2658 numeros,
470 2588 630 2677 didicitque
643 2597 792 2647 retentans

97 2690 249 2770 Argutum
263 2691 321 2750 fida
334 2691 454 2751 reddere
467 2712 536 2750 voce
549 2690 648 2750 melos.

59 2796 164 2856 Pastor
177 2796 341 2856 inassuetus
354 2796 474 2856 rivalem
488 2797 573 2865 ferre,
588 2795 731 2855 misellam

99 2900 249 2960 Grandius
262 2900 299 2959 ad
312 2921 428 2960 carmen
441 2911 584 2980 provocat,
599 2910 684 2978 urget
698 2921 789 2959 avem.

59 3005 167 3085 Tuque
177 3005 266 3064 etiam
275 3005 307 3062 in
317 3004 447 3064 modulos
457 3005 561 3082 surgis,
572 3003 748 3075 Philomela3
766 3006 817 3065 sed
826 3006 918 3085 impar

101 3107 235 3179 Viribus,
249 3109 308 3168 heu
321 3109 424 3186 impar,
439 3109 637 3186 exanimisque
650 3108 737 3168 oadis.

62 3210 178 3272 Durum
192 3215 355 3273 certamen!
376 3213 469 3272 tristis
482 3213 618 3271 victoria!
639 3223 756 3272 cantum

102 3315 243 3375 Maluerit
255 3326 353 3395 pastor
366 3336 424 3374 uon
437 3315 587 3395 superisne
600 3327 694 3375 tuum.
