2408 4252
532 389 673 430 snnnun.
973 365 1029 424 105

178 530 252 589 Haeo
265 540 376 589 nostros
388 528 495 608 promit
509 528 640 597 calamos,
654 545 809 604 arcumque
821 534 971 585 sonantem

177 634 329 703 Incurvat,
344 632 526 711 Tamnmque
539 632 643 698 colens,
658 629 839 709 placidosque
852 625 985 688 recessus

175 737 335 806 Lucorum,
348 757 420 816 qnos
432 735 508 795 olma
520 735 602 814 quies
614 734 736 793 sacravit
749 733 846 792 amori.

178 840 228 900 Ite
241 846 294 919 per
307 841 453 900 umbrosos
467 838 567 907 saltus,
581 836 738 915 lustrisque
750 835 798 895 vel
811 854 914 913 aprum

177 944 323 1004 Excutite
336 945 500 1003 horrentem
514 942 593 1011 setis,
607 952 760 1001 cervumve
772 939 914 1018 fugacem,

179 1047 289 1127 Tuque
301 1067 434 1126 sororque
448 1057 508 1115 tua,
523 1056 553 1104 et
567 1045 676 1104 directo
689 1043 812 1103 sternite
825 1044 918 1101 ferro:

180 1150 316 1210 Nobilior
329 1150 418 1219 labor,
432 1164 462 1208 et
476 1149 550 1208 divis
562 1148 729 1226 dignissima
742 1167 811 1205 cura

183 1254 294 1332 Meque
305 1253 473 1332 Chloenque
484 1263 599 1324 manet;
618 1273 669 1311 nos
679 1251 764 1311 oords
772 1252 897 1310 humana
905 1250 1035 1322 ferimus,

184 1357 343 1417 Vibrantes
357 1368 468 1416 eertum
482 1357 598 1426 vulnus,
612 1377 666 1417 neo
679 1355 783 1415 inutile
796 1353 897 1414 telum.

521 1853 710 1912 SERTUM.

189 2011 313 2071 Senem
328 2012 451 2071 nemoris
465 2032 553 2071 suave
566 2021 611 2070 est
624 2011 814 2091 quodcunque
828 2013 874 2072 vel
887 2014 973 2082 horti,

226 2116 371 2195 Lilinque,
385 2127 415 2175 et
429 2115 528 2184 violas,
542 2116 742 2194 virgineosque
755 2137 850 2187 rosas3

188 2220 276 2292 Quod
289 2218 480 2298 oaryophyllis
493 2218 612 2298 pulchre
624 2219 762 2288 variatur,
776 2230 810 2277 ut
823 2205 908 2289 esset,

229 2324 375 2383 Ornatum
389 2322 477 2401 ospiti
490 2332 604 2382 texeret
618 2322 695 2381 unde
709 2322 807 2381 Chloe.
912 2406 915 2411 ἢ

190 2504 247 2564 Illa
259 2504 359 2564 statim
372 2503 404 2562 in
417 2515 526 2563 sertum
540 2512 636 2562 textos
649 2504 796 2582 imponere
810 2504 892 2563 flores

230 2609 361 2687 Dignata
373 2618 418 2667 est
431 2607 569 2686 pulchris,
582 2627 703 2666 munere
715 2607 792 2677 loeta,
806 2608 902 2667 oomis.

189 2713 234 2772 At
247 2732 343 2790 neque
355 2711 397 2770 sio
409 2711 519 2790 positis,
534 2710 559 2770 si
572 2711 693 2790 virginis
706 2732 754 2770 ora
767 2711 889 2781 videres,

232 2816 335 2875 Gratia
348 2815 395 2875 vel
408 2815 506 2875 formae
519 2837 580 2894 par,
594 2815 642 2875 vel
655 2815 758 2887 odoris,
772 2827 843 2876 erat.

192 2999 269 3072 Quoe
281 2999 374 3077 primo
386 2998 520 3056 induerat
534 2997 637 3056 florum
649 2997 817 3057 redimicula
832 3019 927 3067 mone,

233 3102 333 3162 Gessit
345 3122 398 3182 per
409 3112 505 3161 totum
518 3101 645 3180 nympha
657 3111 781 3161 venusto
793 3102 887 3160 diem:

194 3207 238 3266 Et
248 3207 371 3284 juvenes
384 3205 502 3284 pariter,
515 3205 623 3284 pariter
636 3205 735 3264 dixere
748 3205 862 3284 puellae,

236 3309 305 3369 Non
318 3310 349 3368 in
363 3308 454 3368 natali
466 3310 508 3368 sic
519 3309 642 3368 nituisse
654 3308 722 3368 solo.
