2408 4252
454 444 592 486 firmus
605 446 738 486 Paratus.

258 583 333 640 Cum
346 603 398 662 per
408 584 538 662 juventa
551 584 675 645 lubricas
688 585 879 655 decurrerem,

257 686 432 764 Incogitans,
446 689 592 767 animique
605 709 740 768 preceps,
755 689 881 759 semitas,

258 789 324 849 Tua
337 790 412 850 alma
425 791 575 870 sospitavit
588 792 700 851 occulte
712 813 824 862 manns,

258 893 423 973 AEvumque
436 915 483 954 me
497 897 629 975 provexit
642 895 679 954 ad
688 897 840 955 maturius.

258 1076 316 1136 Per
328 1077 421 1136 multa
433 1079 533 1136 mortis
546 1077 651 1143 abdita
664 1077 829 1136 discrimina

255 1178 368 1258 Aperta
381 1182 464 1240 eunti
477 1191 507 1240 et
520 1191 587 1240 tuta
599 1191 729 1259 porrecta
742 1191 787 1243 est
800 1182 857 1250 via,

257 1283 391 1361 Vitiique
404 1283 603 1344 blandimenta
616 1304 667 1364 per
680 1284 804 1353 fallacia,

258 1387 424 1446 Periculum
437 1408 497 1466 prae
510 1388 619 1447 cacteris
632 1387 764 1447 ferentia.

258 1561 334 1628 Cum
347 1570 439 1629 morbi
453 1570 580 1630 acutiore
593 1570 623 1628 vi
636 1570 821 1638 tabescerem,

260 1675 314 1733 Me
328 1674 454 1733 sanitate
466 1672 602 1733 recreasti
616 1673 729 1752 saepius,

257 1778 301 1837 Et
314 1798 381 1839 cum
394 1798 527 1856 gravarer
540 1777 659 1836 crimine
673 1787 703 1836 et
718 1776 872 1845 doloribus,

258 1881 323 1940 Tua
336 1882 479 1941 revocavit
493 1882 524 1939 in
538 1881 661 1940 salutem
675 1881 776 1959 gratia.

258 2063 340 2133 Tuoe,
355 2064 476 2134 Jehova,
491 2064 619 2143 largitati
633 2065 731 2133 debeo,

258 2168 345 2240 Quod
358 2177 402 2227 sat
416 2188 560 2247 superque
573 2188 621 2226 me
633 2165 728 2227 bebrit
741 2167 830 2245 copia,

256 2273 390 2351 Eamque
404 2272 513 2331 amicus
526 2272 636 2351 copiam
649 2271 790 2331 consortio

257 2375 347 2434 Dulci
360 2377 436 2454 quod
449 2397 526 2434 unus
539 2386 569 2435 et
583 2377 659 2455 quod
673 2375 747 2434 alter
760 2375 883 2435 auxerit.

257 2557 388 2618 Pretiosa
400 2558 481 2618 mille
495 2558 568 2618 dona
582 2559 618 2617 de
632 2557 679 2617 die
692 2558 724 2616 in
738 2557 825 2626 diem,

256 2662 299 2721 Et
314 2662 395 2721 mille
407 2662 513 2722 millies
526 2673 680 2741 reposcunt
693 2661 809 2740 gratias,

256 2766 299 2824 Et
313 2767 389 2825 inter
402 2765 453 2824 illa
467 2765 541 2824 dona
554 2787 602 2825 cor
615 2766 749 2834 laetabile,

257 2869 365 2928 Oblata
378 2869 456 2948 quod
469 2870 518 2948 pio
531 2870 634 2948 accipit
647 2890 713 2929 cum
727 2869 842 2948 gaudio.

259 3052 339 3111 Vitae
352 3072 405 3131 per
418 3072 503 3111 omne
516 3052 652 3121 stadium,
667 3052 785 3112 adultus
798 3061 829 3110 et
843 3071 942 3119 senex,

259 3156 477 3233 Benignitatem
491 3155 672 3236 praedicando
684 3175 839 3235 prosequar
846 3178 856 3225 ;

258 3258 490 3338 Amabilemque,
505 3261 559 3319 hoc
572 3280 674 3338 corpus
687 3269 803 3326 exutus,
818 3259 916 3317 thesin

259 3362 475 3441 Redintegrabo
488 3363 655 3421 seculorum
669 3364 701 3421 in
714 3362 826 3422 saecula.
