2408 4252
179 389 237 448 138
433 409 470 447 ru
484 408 609 448 ostrum
625 407 776 448 soussnr.
793 441 795 447 ,

178 546 289 606 Navita
302 566 360 604 non
372 546 423 606 illo
436 545 537 605 melior
551 547 627 628 fuit,
648 559 724 605 esset
738 545 848 624 agenda

219 649 278 709 Seu
292 650 388 718 remis,
403 660 486 708 conto
499 669 552 708 seu
565 647 735 726 subigenda,
749 649 828 707 ratis.

178 753 211 812 N
212 773 246 812 ec
258 753 410 832 quisquam
423 772 460 811 ex
474 753 593 811 humero
606 753 744 811 contorsit
757 762 820 811 rete
834 752 960 819 sinistro,

219 855 335 915 Certius
350 856 474 914 incautis
488 856 613 934 piscibus
627 855 758 914 exitium.

181 958 262 1031 Quid
275 970 373 1018 tamen
386 960 447 1018 haec
462 959 598 1027 memoro,
613 957 800 1017 Comus-cum
815 956 943 1036 perfidus
956 955 1033 1014 idem

184 1102 187 1107 ·
216 1061 390 1121 Roussreum
404 1063 497 1120 inviso
510 1061 643 1120 merserit
657 1081 742 1120 amne
754 1043 856 1140 suum!
956 1102 959 1107 ι
976 1101 978 1105 -

182 1166 272 1225 Hunc
285 1176 383 1224 nostro
395 1175 430 1224 ut
443 1164 547 1224 reddas
560 1164 637 1233 caclo,
652 1175 683 1223 te
697 1165 823 1224 carmine
836 1164 940 1233 multo,

222 1269 309 1328 Alme
323 1268 448 1337 Charon,
464 1268 583 1327 Grantoe
596 1281 700 1328 moesta
710 1269 833 1346 juventa
846 1268 931 1346 petit.

183 1365 236 1431 Sin
251 1354 349 1430 Parcae
362 1372 525 1450 prohibent,
540 1382 570 1430 et
585 1371 770 1430 inexorabilis
783 1371 849 1440 orci,

222 1477 319 1548 Quem
332 1477 470 1555 petimus,
484 1475 612 1535 reditum
625 1475 674 1534 lex
687 1475 804 1534 inimica
817 1486 914 1535 vetat:

87 1584 90 1596 ’
184 1580 249 1640 Hoc
262 1579 364 1639 saltem
379 1578 501 1638 concede
509 1600 519 1648 ;
541 1578 655 1638 admota
668 1577 704 1637 ad
717 1578 815 1638 littora
827 1580 939 1656 cymba,

223 1684 281 1742 Per
296 1682 432 1761 Stygium
445 1691 564 1741 nautam
577 1683 740 1752 transvehe,
755 1691 854 1751 nauta,
867 1682 973 1741 laeum.

184 1787 217 1845 N
217 1807 250 1847 ec
264 1807 361 1865 poscas
374 1785 512 1856 naulum3
534 1785 640 1844 loculos
653 1806 721 1845 nam
734 1787 817 1845 vivus
830 1786 931 1844 inanes

224 1889 334 1958 Gessit,
348 1899 378 1947 et
391 1888 470 1947 haud
484 1888 608 1958 obolum,
622 1910 708 1967 quem
721 1889 775 1948 tibi
789 1889 890 1959 solvet,
904 1891 1002 1949 habet

185 1990 272 2063 Quod
286 1992 311 2049 si
324 2001 384 2048 tam
398 1991 511 2049 crebras
523 1991 720 2049 transmittere
734 2002 765 2049 te
778 1991 858 2070 piget
870 1994 997 2061 umbras,

225 2095 268 2154 Et
282 2094 400 2171 longum
413 2095 533 2172 refugia,
549 2094 670 2173 portitor
683 2115 768 2164 unus,
783 2116 870 2174 opus:

186 2199 296 2275 Accipe
311 2197 395 2255 divisi
409 2198 517 2256 socium
530 2198 720 2276 comitemque
734 2198 856 2269 laboris,

226 2300 344 2359 Divisus
357 2299 447 2358 levior
461 2300 512 2359 fiet
524 2301 642 2378 utrique
654 2301 741 2360 labor.

186 2402 274 2463 Adde
286 2402 364 2482 quod
377 2401 426 2477 (ut
440 2403 548 2463 similes
561 2405 645 2481 estis)
661 2404 850 2476 dubitabitur,
865 2416 966 2465 utrum

227 2505 526 2584 Roussaemgeminus
539 2508 587 2575 sit,
602 2509 770 2585 geminusve
784 2508 907 2568 Charon.
985 2560 988 2564 .
