2408 4252
189 373 246 433 194
494 381 730 437 ἙΕΑΗΜΕΡΟΝ.

189 531 350 590 Manabant
364 531 454 607 gelidi
468 533 719 591 vario-sinuamine
732 533 837 602 fontes,

188 634 276 693 Dulci
290 655 342 713 per
355 655 458 712 pronas
472 635 651 713 trepidantes
666 654 813 697 murmure
827 633 924 713 ripus;

188 739 236 797 Ne
250 739 351 798 sitiens
364 750 443 797 terra
455 739 592 797 informes
605 738 730 816 aperiret
743 736 848 806 hiatus,

186 842 236 911 Ne
249 841 357 901 sterilis
369 843 453 911 foret,
467 852 555 920 atque
568 842 679 920 ignaue
692 861 808 920 campus
820 848 924 926 aiente.
976 858 979 867 ’

187 945 281 1003 Ecce!
300 946 423 1021 jubente
438 945 511 1013 Deo,
526 945 609 1004 flores
623 955 653 1004 et
666 930 797 1023 gramina
809 955 895 1003 terrra

185 1048 325 1106 Induitur
338 1049 442 1117 facies;
464 1047 561 1108 rident
574 1049 726 1108 vernantia
738 1059 831 1127 pratu,

184 1151 323 1229 Arvaque
335 1152 502 1229 parturiunt
516 1151 610 1210 nullos
624 1163 744 1231 experta
758 1151 876 1211 labores.
970 1217 975 1233 Ι

185 1254 252 1312 En!
273 1275 335 1313 rosa
347 1275 506 1333 purpureos
519 1255 612 1333 aperit
626 1255 749 1314 formosa
763 1254 880 1322 colores,

185 1358 340 1436 Virgineus
353 1358 486 1437 pandunt
499 1369 530 1418 et
544 1357 665 1417 candida
677 1358 739 1418 lilia
752 1359 870 1427 vultus;

185 1462 311 1521 Exultat
324 1461 422 1530 tellus,
436 1463 572 1541 variaque
585 1472 685 1521 ornata
699 1481 801 1520 corona

185 1565 284 1635 Ridet,
299 1576 329 1625 et
342 1555 495 1624 arirbrusias
509 1567 615 1625 circum
629 1565 768 1637 diffirndit
780 1563 888 1624 adores

185 1668 336 1728 Scandunt
349 1671 490 1728 umbrosa
502 1689 636 1747 suprema
649 1669 797 1728 cacumina
809 1666 907 1745 sylvae,
975 1711 976 1714 η

184 1771 354 1848 Montisque
367 1791 516 1830 ascensum
529 1782 676 1850 superant,
691 1772 807 1830 funesta
820 1777 982 1849 cupressus,

183 1875 225 1933 Et
239 1895 361 1952 quercus
372 1876 470 1943 tectis,
485 1885 515 1933 et
528 1876 614 1953 pinus
627 1875 748 1934 navibus
761 1885 844 1952 aptae.

183 1976 299 2035 Interea
313 1977 431 2054 zephyri
445 1989 475 2036 et
489 1979 630 2056 spirantes
643 1977 768 2037 molliter
781 1984 858 2036 aune

181 2079 322 2148 Ludunt3
342 2079 412 2138 dum
426 2082 481 2138 riri
495 2093 616 2159 serpunt
630 2082 666 2141 ad
680 2081 816 2159 marginis
829 2102 901 2150 oras,

182 2181 310 2258 Pinguia
320 2183 371 2260 qui
385 2184 490 2242 circum
504 2182 596 2262 glebis
609 2185 748 2245 alimenta
760 2186 944 2245 ministrant-⁴

182 2284 266 2343 Tunc
279 2285 385 2345 hilares
398 2288 523 2364 primum
536 2290 699 2348 rubuerunt
712 2290 822 2347 vitibus
835 2308 918 2359 uvae3

182 2386 324 2465 Tempora
337 2400 408 2448 tunc
421 2390 532 2450 diversa
545 2393 614 2450 anni
627 2393 744 2451 confusa
757 2393 885 2452 videres:

181 2490 327 2570 Quicquid
339 2493 486 2571 frugiferis
499 2497 607 2572 profert
621 2508 779 2556 autumnus
792 2499 823 2554 in
836 2499 923 2568 horis,

181 2594 328 2672 Quicquid
341 2598 514 2674 promittuut
528 2600 656 2658 renovati
669 2611 800 2678 tempora
813 2602 898 2669 veris,

157 2728 158 2731 ¹
181 2697 374 2776 Fructusque,
389 2711 419 2758 et
433 2700 525 2770 flores,
539 2703 652 2762 fructus
666 2724 731 2781 spes
744 2704 866 2782 pulchra
879 2705 983 2773 futuri,

179 2800 330 2860 Oruabant
343 2803 458 2880 gemino
470 2816 602 2864 curvatos
614 2807 741 2885 pondere
753 2828 854 2866 ramos.

219 2904 268 2964 Sic
281 2906 332 2964 ubi
346 2907 486 2985 disposuit
500 2919 591 2968 terras
605 2911 799 2970 animantibus
812 2924 903 2990 aptas,

179 3008 215 3066 In
229 3010 305 3067 caelis
318 2994 433 3088 proprio
445 3012 616 3071 candentem
629 3012 739 3072 lumine
753 3015 840 3073 sulem

180 3112 271 3180 Fixit,
287 3123 316 3170 et
330 3113 450 3172 alterius
463 3115 619 3192 pallentem
634 3117 744 3176 lumine
757 3118 866 3177 lunam.

178 3214 366 3273 Aurieomum
381 3217 468 3275 solem
483 3219 609 3277 stadium
621 3220 773 3279 decurrere
783 3222 871 3298 jussit

148 3344 150 3352 ·
178 3318 317 3395 Longius,
332 3330 376 3378 ast
389 3319 469 3378 illam
483 3322 626 3382 breviores
640 3323 755 3383 flectere
768 3344 871 3402 gyr0s3
