2408 4252
179 390 238 448 200
481 407 728 448 consrmrunun.

179 546 247 617 Quo
260 546 308 604 vix
322 556 430 607 eterra
442 556 475 605 tu
490 547 610 624 suspicis
623 547 730 623 absque
744 558 877 613 tremore,

217 649 273 708 Illa
286 661 381 709 metus
394 669 497 728 expers
511 649 719 728 incolumisque
732 649 823 708 sedet.

177 755 300 812 Lamina
314 753 427 813 delubri
441 775 527 832 supra
541 753 664 830 fastigia,
679 764 784 812 ventus

218 858 286 929 Qua
297 858 360 917 caeli
372 858 462 936 spiret
476 857 512 916 de
525 857 650 934 regione,
665 855 767 927 dooet3

180 962 267 1020 Hanc
280 981 313 1020 ea
326 981 385 1040 proe
398 960 517 1038 reliquis
530 959 651 1029 mavult,
666 980 765 1019 secura
778 957 897 1037 poric'li,

218 1065 250 1122 N
251 1084 284 1123 ec
298 1075 389 1134 curat,
402 1063 512 1123 nedum
525 1065 643 1142 cogitat,
657 1062 736 1123 unde
749 1062 841 1122 cedat.

180 1168 239 1227 Res
252 1167 321 1227 inde
333 1169 483 1238 humanas,
498 1167 550 1226 sed
563 1188 675 1226 summa
688 1186 740 1244 per
752 1167 820 1235 otiu,
834 1175 957 1244 spectat,

218 1272 259 1330 Et
273 1271 348 1330 nihil
361 1270 482 1340 adsere,
497 1291 568 1350 quas
582 1271 671 1339 videt,
686 1290 748 1329 esse
761 1270 850 1328 videt.

179 1375 341 1439 Concursus
354 1386 476 1454 spectat,
489 1372 641 1452 plateoque
654 1372 769 1451 negotia
782 1373 812 1430 in
825 1374 913 1441 omni,

217 1478 324 1537 Omnia
338 1500 390 1557 pro
402 1479 488 1556 nugis
502 1488 532 1536 at
545 1478 690 1555 sapienter
703 1476 798 1534 habet.

179 1581 334 1651 Clamores,
348 1601 420 1661 quos
433 1583 509 1641 infru
523 1581 614 1650 audit,
629 1581 653 1640 si
667 1579 787 1638 forsitan
801 1579 894 1648 audit,
986 1604 989 1611 ¹

219 1685 277 1743 Pro
289 1686 375 1744 rebus
388 1685 472 1743 nihili
485 1683 617 1762 negligit,
631 1694 662 1742 et
676 1683 802 1742 crocitat.
839 1704 841 1712 ’

179 1786 234 1846 Ille
248 1787 302 1846 tibi
315 1788 455 1855 invideat,
469 1788 540 1847 felix
554 1786 706 1855 cornicula,
720 1807 837 1864 pennus,

217 1891 277 1962 Qui
291 1891 332 1950 ric
344 1892 478 1950 humenis
491 1892 576 1950 rebus
590 1891 688 1949 abesse
700 1889 780 1948 velit.
831 1919 834 1924 ·

437 2452 769 2524 CONSPICILLUM.

178 2612 332 2671 Onnruus
345 2633 381 2672 ex
396 2613 494 2682 oculis,
509 2633 579 2692 quos
593 2632 638 2671 arr
651 2612 764 2669 invenit
778 2625 808 2669 et
823 2631 902 2680 usus,

217 2717 275 2776 Per
288 2738 358 2796 quos
371 2718 559 2796 conspicimus
573 2737 618 2774 res
632 2735 729 2794 prope,
743 2735 845 2792 resque
858 2716 958 2793 procul
965 2739 974 2785 ;

178 2822 361 2881 Commodius
374 2821 448 2879 nihil
462 2832 515 2888 est,
531 2820 603 2878 nihil
617 2831 661 2878 est
674 2819 845 2897 praesentius
858 2819 926 2888 illis,

216 2927 369 3006 Impositos
381 2947 450 2985 naso
462 2946 532 3004 quos
545 2927 606 2984 fere
620 2924 741 3003 quisque
753 2924 838 3001 gerit.

179 3032 265 3101 Sunt,
279 3033 329 3109 qui
342 3030 528 3109 temporibus,
543 3050 580 3088 ne
593 3028 676 3087 belbe
690 3049 706 3086 e
721 3047 790 3086 nare
803 3026 968 3105 loquantur.

218 3136 306 3213 Affigi
321 3132 433 3193 malunt
446 3134 507 3193 haec
521 3135 613 3192 vitrea
626 3131 741 3191 auxilia.

177 3240 264 3308 Sunt,
279 3239 383 3316 quibus
396 3239 427 3294 in
442 3237 544 3295 dextra
557 3236 664 3294 vitrum
678 3233 867 3312 proetenditur
882 3252 974 3291 unum
981 3253 990 3299 ;

218 3341 261 3401 Hi
274 3352 343 3400 sunt
356 3361 393 3399 ex
406 3340 474 3408 illis,
488 3360 558 3417 quos
572 3339 663 3416 pudet
676 3359 738 3396 esse
752 3357 843 3395 senes.
