2408 4252
658 389 850 435 temnunt.

533 527 606 589 Tam
622 528 716 589 civilis
728 549 815 607 quem
829 527 973 598 militaris,

527 632 647 702 Fidelis,
663 643 810 702 strennus,
824 632 977 693 humanus.
1028 665 1031 669 ⁴

458 736 564 809 Qsmlis
576 737 708 806 meritus,
722 736 817 816 qualis
830 736 920 797 fuerit
933 756 1049 816 parom,

482 839 624 904 Testetur,
633 840 687 899 hoc
700 839 1027 919 sepulchralemarmor,
1080 894 1083 898 .
1099 895 1105 900 .

470 942 557 1016 Quod
569 945 617 1030 pie
630 953 789 1023 posuerunt
802 943 891 1003 vidue
904 953 935 1003 et
949 943 1036 1003 filius.

532 1046 707 1106 Memoriam
720 1056 782 1105 tem
794 1046 903 1124 egregii
916 1046 971 1105 viri

564 1150 606 1209 Et
619 1150 664 1220 tu',
679 1149 778 1218 lector,
789 1168 946 1219 venerere3

393 1251 437 1313 Ut
450 1253 506 1313 tibi
520 1252 606 1313 detur
617 1252 753 1312 similiter
765 1252 918 1330 aliquando
931 1253 1127 1331 requiescere.

383 1356 468 1417 Obiit
481 1375 573 1416 xxvt.
588 1355 636 1415 die
649 1354 835 1424 Novembris,
845 1373 875 1413 A·
885 1374 915 1413 n.
926 1373 1137 1416 mncoxxxvn

583 1459 652 1518 Sum
664 1479 734 1519 vero
747 1458 841 1518 aetatis
855 1476 931 1517 nxv.
988 1509 996 1524 ,

698 1697 816 1713 Μ

449 1872 559 1932 Dmus
571 1873 694 1931 Oxonu
709 1883 741 1932 et
755 1872 880 1930 Euam
895 1871 1080 1932 comitissae

401 2080 515 2141 Illustri
528 2090 591 2140 orta
604 2080 753 2158 sanguine,
768 2080 938 2156 sanguinem
951 2077 1132 2151 illustravit,

432 2181 733 2242 Ceeiliorum-meritis
746 2180 832 2251 clera,
846 2183 906 2240 snis
919 2181 1092 2253 clarissima,

460 2284 503 2343 Ut
515 2305 581 2363 qum
592 2285 718 2345 nesciret
730 2284 824 2343 minor
838 2304 901 2344 esse
913 2285 1059 2344 maximis.

531 2386 634 2446 Vitam
647 2387 798 2447 ineuntem
811 2387 985 2456 innocentia,

464 2490 672 2550 Procedentem
685 2490 782 2569 ample
794 2485 937 2550 virtutum
951 2490 1062 2560 eohors,

453 2593 621 2653 Exeuntem
634 2613 711 2653 mors
723 2594 888 2654 beatissima
902 2594 1069 2666 decoravit,-

614 2695 757 2771 (Veiente
771 2697 906 2775 numine)

414 2799 457 2859 Ut
471 2798 603 2877 nuspiam
617 2798 729 2857 deesset
742 2810 793 2858 aut
806 2800 900 2858 virtus
913 2809 963 2858 aut
977 2798 1123 2863 felicitas.

553 2901 676 2960 Duobus
688 2901 841 2979 conjuncta
853 2901 975 2969 maritis,
991 2947 992 2951 ,

608 3003 735 3083 Utrique
748 3004 912 3075 carissime3

692 3107 835 3176 Primum,

455 3240 456 3244 ,
558 3208 671 3284 (Quem
683 3209 721 3269 ed
733 3230 841 3269 annum
851 3211 972 3287 habuit)

630 3313 765 3391 Impense
778 3313 900 3387 dilexit:
1011 3320 1015 3327 '
