2408 4252
176 362 234 420 166
475 379 568 418 cums
583 379 626 418 nr
641 377 735 418 norm.

364 776 535 865 SCHOLA
558 775 848 837 RHETORICES.

179 935 325 994 Lonnrm
340 935 377 994 ad
389 945 518 1014 pentem,
534 935 656 1012 Billingi
669 934 785 993 nomine
797 943 881 1012 porta
893 944 948 1002 est,

220 1039 308 1098 Unde
321 1039 421 1098 ferunt
434 1039 540 1098 virides
554 1049 648 1097 ostrea
661 1038 814 1097 Nereides.

181 1143 242 1201 Hie
254 1143 309 1201 sibi
322 1152 493 1221 perpetuam
506 1142 578 1220 legit
591 1140 727 1201 facundia
740 1141 856 1211 sedem;

222 1246 288 1305 Nee
301 1245 402 1304 medus
415 1246 462 1304 hic
475 1247 579 1315 verbis,
594 1266 668 1306 neve
682 1246 775 1324 figura
787 1245 878 1305 deest.

182 1348 350 1409 Sermonem
364 1349 461 1408 densis
474 1351 581 1409 oratrix
596 1349 711 1409 floribus
724 1361 816 1418 ornet,

221 1452 264 1512 Et
277 1452 376 1511 fundit
389 1454 492 1523 varies,
505 1454 732 1532 ingeminatque,
746 1464 851 1531 tropos.

183 1557 226 1615 Et
239 1557 331 1626 nervi,
345 1567 376 1616 et
389 1577 518 1626 veneres,
533 1570 562 1617 et
576 1559 630 1626 vis,
645 1567 675 1616 et
689 1558 769 1634 copia
781 1555 863 1614 fandi

223 1659 348 1731 Insunt;
370 1672 400 1719 et
410 1662 524 1737 justum
537 1661 652 1738 singula
665 1660 779 1739 pondus
791 1660 908 1719 habent.

184 1762 212 1820 Ο
225 1763 317 1832 sedes,
331 1764 453 1823 totidem
467 1765 593 1824 multum
607 1765 749 1824 celebrata
762 1784 814 1842 per
827 1765 933 1822 annes!

223 1869 320 1928 Omne
332 1869 388 1928 tibi
401 1880 524 1928 rostrum
539 1869 625 1938 cedit,
640 1881 670 1928 et
683 1888 767 1928 omne
780 1869 885 1926 forum.

186 1971 327 2051 Utraque,
342 1992 412 2050 quos
425 1972 518 2040 malit,
531 1972 633 2031 titulos
646 1972 790 2031 academia
800 1973 910 2048 jactet:

224 2076 267 2135 At
281 2076 336 2135 tibi
349 2076 528 2154 Linguarum
542 2076 563 2134 J
564 2096 639 2169 anua
652 2096 757 2135 nomen
772 2076 835 2134 erit.

337 2690 339 2694 .
432 2641 564 2699 CANIS
586 2640 644 2698 ΕΤ
666 2641 794 2701 ECHO.

189 2801 291 2857 Purus
304 2799 336 2857 in
349 2798 418 2857 eaelo
430 2798 518 2858 radiis
531 2810 668 2877 argentea
681 2800 766 2860 Luna

227 2902 264 2960 In
279 2901 403 2961 Tamisis
415 2902 540 2961 tremula
554 2904 618 2963 luce
631 2903 747 2963 refulsit
760 2904 851 2982 equis.

189 3007 341 3085 Improbus
354 3005 408 3063 hoc
421 3005 495 3064 'vidit
509 3007 632 3074 catulus,
647 3007 822 3085 ringensque
835 3006 995 3085 malignum

228 3109 323 3168 Solvit
336 3108 367 3166 in
380 3109 514 3187 indignos
527 3131 577 3168 ore
589 3123 723 3188 pmterve
736 3111 851 3170 modos:

188 3215 362 3291 Lunamque
375 3213 407 3270 in
420 3213 498 3282 eaelo,
512 3213 670 3291 lunamque
685 3232 835 3292 aggressus
848 3215 878 3272 in
892 3213 990 3282 undis,

228 3316 265 3373 In
278 3315 359 3375 sidus
371 3316 478 3394 pariter
491 3336 584 3375 saevus
596 3327 753 3396 utrumque
766 3318 848 3376 furit.
