2408 4252
516 396 704 436 summotis.
803 400 807 408 ¹

480 1005 738 1065 FANATIGUS.

181 1161 390 1221 Consentium
404 1165 531 1242 primum
544 1165 687 1224 tremulus
701 1183 766 1222 cum
779 1161 895 1241 pulpita
908 1162 1007 1229 frater,

182 1262 249 1323 stat
263 1266 380 1336 tacitus,
394 1266 578 1347 multumque
592 1289 714 1336 screans,
729 1278 764 1326 ut
777 1266 853 1325 vocis
866 1275 1000 1344 apertum

182 1367 296 1427 Pandat
310 1369 376 1439 iter,
390 1372 528 1448 geminas,
542 1372 643 1451 positis
656 1391 744 1450 prope
758 1368 975 1449 dactylotbeeis,

183 1471 231 1530 Ad
244 1472 346 1532 culum
360 1474 468 1534 attollit
480 1475 608 1552 palmas3
629 1485 693 1534 tum
707 1475 817 1534 lumina
832 1472 968 1533 claudens

183 1574 243 1634 Dat
256 1577 409 1654 gemitum,
423 1598 577 1657 secumque
591 1579 642 1638 diu
655 1581 870 1638 submurmurat
883 1576 972 1634 intus.

184 1677 250 1738 Vox
259 1680 378 1740 tandem
388 1683 515 1760 erumpit
525 1704 534 1752 ;
552 1682 656 1742 deinde
667 1682 767 1750 altera,
777 1691 807 1740 et
818 1679 908 1738 altera
916 1677 1037 1738 deinde:

183 1782 225 1841 At
237 1783 320 1844 leuto
331 1804 426 1864 passu,
440 1786 553 1862 gemitu
566 1787 646 1865 prins
659 1786 821 1863 interjecto.

183 1886 256 1946 Mox
269 1887 379 1948 animos
391 1889 498 1948 sensim
511 1909 656 1958 revocans,
670 1888 851 1966 residemqne
863 1885 1000 1952 furorem,

181 1990 253 2050 Vim
266 1992 352 2052 dietis
364 1993 505 2072 paulatim
519 1993 617 2062 addit;
635 1993 697 2070 jam
711 1990 836 2059 subsilit,
849 1999 879 2048 et
890 1988 951 2065 jam

182 2093 270 2152 Stans
282 2094 356 2173 pede
370 2083 517 2173 suspenso,
531 2106 628 2154 tentat
640 2094 711 2174 quid
725 2095 814 2173 possit
827 2091 925 2152 anheli

182 2195 343 2266 Pulmonis,
355 2197 538 2276 laterumque
551 2197 645 2258 labor:
667 2219 720 2278 per
733 2210 861 2276 tempora
875 2196 944 2255 rivis

181 2299 211 2357 It
224 2286 316 2359 salsus
330 2300 434 2371 sudor;
455 2302 574 2361 tandem
587 2303 713 2361 fanatica
726 2303 829 2379 surgit
903 2335 904 2338 ¹

182 2401 362 2483 Tempestas,
376 2415 508 2483 totasque
521 2405 616 2482 quatit
629 2404 801 2464 clamoribus
814 2403 897 2463 aedes.

220 2505 313 2566 Haud
325 2506 410 2567 aliter
423 2507 482 2567 leui
496 2519 634 2568 nutantes
649 2508 764 2567 flamine
777 2528 869 2568 ramos

180 2609 340 2688 Insurgens
355 2611 446 2688 agitat
461 2612 578 2680 Boreas,
592 2610 788 2689 tremulasque
801 2621 931 2670 susurrat

180 2713 239 2773 Per
249 2712 385 2784 frondem
403 2735 470 2773 mox
482 2715 601 2774 buccam
616 2724 769 2792 utramque
782 2714 935 2773 animosior
944 2714 1037 2784 inflat,

178 2816 223 2876 Et
236 2816 346 2877 validos
359 2829 475 2896 quassat
488 2807 568 2877 celso
577 2838 643 2876 cum
654 2817 764 2876 'vertice
778 2828 917 2876 truncos:'

177 2919 260 2990 Post,
275 2921 326 2980 ubi
339 2919 465 2980 eolleotae
478 2921 563 2989 vires,
577 2921 724 2998 majorque
736 2920 882 2980 tumultus

177 3023 238 3083 Per
251 3034 343 3083 totam
355 3024 472 3083 auditur
485 3022 606 3102 sylvam,
621 3024 657 3083 ab
669 3023 814 3083 radicibus
826 3023 893 3083 imis

175 3127 295 3188 Sternit
305 3127 387 3186 humi
400 3127 534 3206 antiquas
544 3139 676 3206 quereus,
687 3127 874 3206 rapidam'qne
884 3128 1037 3206 procellam

173 3230 380 3310 Agglomerat‚
393 3230 510 3309 lataque
523 3229 626 3307 implet
639 3249 742 3289 nemus
754 3250 839 3289 omne
851 3230 944 3289 ruina.
