2408 4252
181 395 240 453 232
459 415 591 454 caunas
605 402 755 455 onscuna.

214 490 223 509 .

221 552 345 631 Jamque
358 553 495 630 equitem,
509 554 621 631 siquem
635 555 692 612 fors
705 554 763 612 hnc
776 553 938 623 advexerit,
954 554 1030 613 ultro

181 656 306 734 Arripis,
320 657 408 734 inque
421 667 503 715 tuam
517 658 594 734 cogis
607 658 731 735 migrare
744 659 904 727 tabernam,

180 758 246 816 Nec
259 769 357 818 tamen
370 759 511 836 impedias
525 760 590 829 iter,
606 771 656 819 aut
670 761 708 819 sis
722 761 960 820 causamorandi.

221 862 281 920 Hic
294 862 392 921 avidos
406 864 517 940 pavisse
530 863 636 932 oculos,
651 863 786 942 salvoque
798 864 910 942 pudore

182 968 218 1025 In
232 978 320 1045 caput
334 987 482 1025 excussam
496 968 540 1026 fas
554 978 598 1026 est
611 967 717 1026 vidisse
730 966 867 1045 puellam.

180 1070 222 1128 Ut
236 1069 356 1148 graciles
370 1081 450 1129 artus
464 1072 639 1129 tenuantur!
661 1081 695 1129 ut
709 1071 834 1130 ambitus
848 1072 915 1129 imae

180 1173 281 1233 Vestis
295 1174 326 1231 in
340 1175 478 1252 exignum
492 1174 611 1232 tandem
625 1174 807 1233 concluditur
819 1176 929 1244 orbem,

179 1277 277 1349 Quam
291 1287 389 1336 tamen
403 1279 434 1335 in
447 1288 580 1356 quartam
593 1288 684 1337 sartor
698 1288 863 1355 porrexerat
876 1277 995 1336 ulnam!

180 1380 299 1440 Scilicet
312 1382 366 1440 hoc
379 1381 469 1440 etiam
482 1392 526 1440 est
540 1381 642 1440 similis
656 1381 771 1460 pictura
784 1382 899 1460 puellae,

110 1537 114 1547 .
178 1485 266 1557 Quod
279 1486 361 1562 tangi
374 1495 508 1543 metuens
520 1495 705 1562 prensantem
719 1485 829 1543 lubrica
842 1484 976 1544 dextram

178 1587 315 1646 Exultim
328 1587 416 1664 fugit,
430 1586 602 1665 elusamque
614 1587 752 1665 relinquit
766 1597 922 1647 amantem.

217 1690 237 1747 J
239 1711 285 1748 am
298 1691 369 1749 satis
381 1700 443 1748 est:
461 1700 571 1750 tectum
582 1691 700 1750 tandem
712 1691 762 1750 lux
777 1692 867 1750 intret
880 1702 1030 1771 apertum:

180 1796 278 1854 Prisca
290 1795 366 1854 redit
380 1796 487 1854 charte
500 1795 611 1864 albedo,
626 1795 794 1874 fluxumque
808 1796 934 1855 nitorem

178 1900 283 1969 Exuit,
297 1912 327 1958 et
340 1898 451 1958 lautam
464 1909 546 1959 tanta
559 1901 703 1977 farragine
716 1920 870 1977 pompam3
930 1925 941 1951 n

179 2002 334 2081 Gloriaque
348 2003 379 2060 in
392 2013 496 2062 tenues
509 2003 619 2080 dilapsa
632 2003 785 2062 resolvitur
798 2024 890 2063 auras.

181 2105 281 2184 Usque
294 2105 365 2164 adeo
378 2127 442 2184 quae
456 2106 508 2164 lux
521 2105 647 2165 illustrat
662 2118 773 2174 caetera,
788 2117 914 2165 nostram

179 2208 323 2267 Obscurat
337 2229 461 2277 scenam,
475 2219 505 2267 et
520 2209 608 2266 nimio
621 2208 655 2267 tit
668 2208 781 2267 inutilis
795 2230 860 2268 usu.
885 2246 889 2253 n

138 2318 143 2327 “
220 2309 270 2369 Sic
282 2311 425 2389 quondam
439 2312 580 2370 Lemures
593 2311 733 2371 sublustri
746 2312 838 2370 noctis
850 2312 882 2369 in
895 2313 1017 2372 umbra-

179 2413 282 2472 Exiles
295 2415 407 2490 agitant
420 2415 546 2481 choreas,
561 2425 591 2472 et
604 2415 669 2473 luce
677 2413 808 2490 *maligna

179 2517 257 2576 Rara
269 2537 321 2595 per
334 2528 490 2594 angustum
502 2517 653 2594 plebecula
665 2516 776 2576 saltitat
790 2519 886 2577 orbem
896 2541 907 2587 3

137 2615 142 2624 '
179 2622 251 2680 Mox
262 2622 348 2698 jubar
362 2620 494 2679 exoriens
507 2619 649 2698 pallentes
662 2619 781 2678 discutit
794 2621 921 2689 umbras,

178 2725 354 2802 Spectraque
368 2734 516 2802 cognatam
529 2732 667 2801 repetunt
681 2721 802 2781 evanida
814 2733 939 2780 noctem.

308 2936 477 3000 Cantabrigiae,
488 2937 513 2984 in
524 2934 633 2986 Comitiis
643 2933 816 3000 posterioribus,
830 2935 901 2985 1720.
