2408 4252
178 418 217 477 36
364 436 400 476 m
415 434 545 476 messum
559 428 679 475 essem*
690 432 840 474 nuntiem.

268 827 328 944 οΙΝ
350 825 527 885 FESTUM
549 821 707 883 SANCTI
729 822 932 883 ANDREAE.

179 987 337 1045 Animum
351 984 431 1054 dum,
446 993 552 1053 sancte,
566 984 654 1052 eruci,
668 978 851 1061 lacerataque
864 980 995 1040 membra

179 1089 351 1149 Distentum
364 1087 474 1146 miseris
487 1098 592 1164 urgent
606 1087 781 1146 eruciatibus
794 1086 908 1155 hostes;

181 1192 337 1250 Immemor
349 1191 460 1249 interea
473 1193 576 1268 peine,
590 1192 782 1268 ignoransque
795 1189 913 1259 moveri,
1001 1222 1005 1234 «

180 1294 357 1353 Adstantem
371 1293 523 1372 alloqueris
536 1292 694 1372 populum
715 1311 869 1371 numasque
882 1291 986 1351 salutis

180 1397 348 1465 Auctorem,
364 1407 394 1457 et
408 1396 487 1474 leges
501 1407 531 1455 et
545 1417 624 1455 saera
637 1396 752 1456 oracula
764 1396 887 1475 pendis3

180 1500 255 1570 Quae
269 1499 402 1559 Christus
415 1499 532 1576 majora,
546 1509 576 1558 et
589 1512 660 1578 quot
674 1499 837 1559 discrimina
850 1516 950 1577 pessus

181 1602 248 1679 lpse
260 1603 342 1681 prius
355 1601 474 1672 tulerat,
490 1602 582 1661 divini
595 1604 678 1662 testis
691 1603 803 1662 amoris.
863 1596 868 1603 ’

182 1705 229 1764 De
244 1706 353 1765 Christi
367 1707 500 1785 exemplo
515 1707 586 1766 dieis
599 1716 630 1766 te
643 1706 714 1766 tulis
728 1708 814 1776 ferre,
950 1783 952 1787 7

182 1809 240 1868 Pro
254 1809 370 1869 Christo
383 1808 505 1870 subiisse
518 1809 565 1869 vel
578 1811 625 1869 his
638 1811 766 1889 graviora
780 1821 922 1889 paratum.

182 1904 345 1973 Moerentes
359 1924 438 1973 stant
452 1915 560 1974 circum
573 1914 712 1984 homines
727 1914 842 1992 imaque
853 1912 1015 1973 recondunt

182 2019 288 2077 Mente
302 2039 393 2087 sonos,
408 2018 500 2076 fidum
513 2039 616 2096 geum,
631 2019 792 2096 incertique
805 2017 876 2095 quid
888 2027 1006 2096 optent:

182 2118 226 2178 Te
240 2119 339 2180 dulces
352 2120 455 2180 nolunt
469 2121 616 2180 moriendo
629 2123 798 2201 abrumpere
812 2141 896 2180 voces
907 2143 916 2191 3

183 2221 355 2282 Protrahere
368 2224 502 2299 ingentes
515 2223 619 2282 nolunt
633 2223 755 2282 vivendo
768 2223 887 2283 dolores.

323 2698 374 2755 IN
395 2694 571 2753 FESTUM
593 2696 691 2755 DIVI
714 2695 892 2755 THOMAE.

184 2856 248 2925 Eu,
263 2855 386 2924 Thema,
399 2874 436 2915 en
449 2854 564 2914 inhians
578 2855 675 2915 divino
687 2856 719 2913 in
733 2875 848 2934 comune
861 2854 979 2924 vulnus,

209 3022 211 3027 ,
224 2960 273 3017 En
287 2959 379 3017 erucis
391 2957 508 3030 etclavi
518 2957 608 3017 livide
620 2959 702 3036 signa
715 2958 800 3018 vide!
944 2956 1039 3034 [strat

184 3062 328 3121 Credulus
341 3063 409 3121 hinc
423 3063 572 3122 Christum
586 3082 731 3142 agnoscas,
743 3063 812 3122 dum
823 3062 944 3122 vulnere
956 3083 1039 3121 mon-

51 3231 55 3238 ,
156 3248 160 3253 .
224 3166 299 3236 Quae
313 3165 405 3244 digito
418 3166 557 3244 explores,
572 3166 692 3226 vulnere
708 3167 951 3226 Christushabet.

186 3269 266 3327 Hinc
279 3269 343 3337 tibi,
358 3268 434 3336 dive,
447 3268 544 3337 fidem,
559 3269 627 3328 hine
640 3269 704 3329 eliis
718 3270 888 3340 confirmat;
911 3280 942 3329 et
956 3271 1019 3348 ipse

225 3373 312 3443 Quod
326 3372 452 3442 dubites,
466 3372 535 3432 elios
548 3393 606 3431 nun
619 3373 752 3433 dubitare
764 3375 842 3435 sinit.
