2408 4252
244 408 434 449 cunmnnus
448 409 600 450 sussurim
614 410 829 453 vannmcnus.
923 391 962 462 77

106 552 127 577 “
140 545 238 606 Suave
252 567 358 615 meum,
374 557 404 606 et
417 548 478 607 vita
492 548 626 608 Susanna
638 571 655 608 o
669 551 758 609 carior
770 550 842 629 ipsa,

148 650 226 709 Sunt
240 672 312 720 mea,
326 672 390 730 quae
403 652 478 722 vovi,
492 663 560 712 sunt
573 653 628 712 tibi
641 665 707 713 vota
720 665 802 725 rata3

104 750 290 812 Pendentem
303 773 340 812 ex
354 753 486 814 oculo&
498 776 641 833 gemmam
656 757 803 818 exosculer
816 757 913 817 illam:

147 855 263 914 Gratior
276 866 309 914 ut
323 856 418 916 reditu
433 857 481 926 sit,
496 857 662 918 Gulielmus
675 860 744 919 abit.

103 957 174 1029 Quo
187 958 267 1027 velit,
282 959 403 1018 inclinet
416 971 540 1031 ventus;
561 972 592 1020 te
606 973 706 1040 verget
719 962 756 1022 ad
769 983 857 1021 unam

116 1107 119 1110 .
145 1061 202 1120 Cor
214 1082 322 1131 meum,
338 1073 372 1121 ut
385 1062 422 1121 ad
435 1065 549 1123 boream
564 1067 681 1124 nautica
694 1068 788 1145 vergit
802 1088 877 1126 acus.

101 1271 123 1296 “
137 1265 228 1326 Terra
241 1267 379 1346 degentes
392 1270 492 1340 vitam,
507 1281 559 1330 tua
572 1282 687 1351 pectora
701 1274 758 1333 fida

143 1369 313 1431 Tentabunt
327 1372 414 1431 dubio
427 1373 569 1433 solicitare
582 1386 680 1434 metu:

99 1471 140 1528 In
153 1473 254 1550 quovis
267 1486 352 1552 portu
368 1474 433 1549 (sed
446 1476 504 1535 noli
518 1478 551 1535 o!
574 1477 703 1556 credere)
719 1479 827 1549 dicent,

142 1577 174 1634 N
174 1589 253 1648 anta,
267 1580 344 1658 quod
357 1581 493 1640 accendat
507 1583 613 1641 mobile
627 1594 738 1661 pectus,
752 1556 848 1644 habeti

99 1680 184 1752 Quin
198 1684 232 1740 o!
252 1684 323 1762 quin
337 1684 436 1743 credas
443 1707 454 1754 ,·
475 1685 665 1762 quodcunque
678 1686 802 1746 invisero
815 1687 910 1757 littus,

142 1785 190 1843 Tu
202 1787 284 1856 mihi,
298 1797 333 1846 tu
346 1807 471 1865 praesens
483 1788 559 1865 ignis
572 1799 603 1848 et
616 1788 699 1849 ardor
712 1790 777 1849 eris.

98 1996 201 2055 “Sive
215 1995 306 2054 Indus
319 2016 507 2073 gemmarum,
522 1998 614 2056 eboris
628 2017 677 2056 seu
692 1997 798 2056 fertilis
813 1995 896 2067 Afer,

140 2099 200 2158 Seu
213 2099 285 2157 mihi
298 2098 435 2158 visendus
450 2099 529 2157 dives
543 2098 636 2158 odoris
652 2099 764 2159 Arabs:

97 2204 174 2263 Esse
188 2202 265 2261 domi
278 2217 397 2262 cunctas
411 2214 506 2262 tecum
522 2202 661 2281 reputabo
674 2203 798 2272 relictas,
898 2243 903 2252 ·

138 2308 220 2379 Quas
233 2317 359 2366 ostentet
373 2304 478 2374 Arabs,
493 2305 577 2373 Afer,
593 2315 622 2364 et
638 2304 739 2374 Indus,
754 2326 830 2383 opes.

94 2411 298 2489 Quodcunque
311 2410 469 2488 egregium,
482 2409 645 2488 pulchrum,
660 2410 708 2468 vel
721 2409 805 2473 dulce
818 2410 930 2478 videbo,

137 2515 279 2574 Occurret
292 2513 439 2592 quiddam,
453 2512 529 2591 quod
543 2513 714 2582 memorabo,
729 2514 782 2572 tui.

93 2728 116 2755 “
128 2722 202 2791 Nec,
217 2742 282 2780 mea
295 2721 357 2789 lux,
372 2719 487 2789 doleas;
509 2719 609 2797 patria
622 2720 647 2777 si
661 2738 746 2777 causa
758 2719 894 2797 requirat,

135 2824 179 2883 Ut
192 2824 293 2902 procul
307 2823 443 2901 amplexu
456 2843 556 2900 poscor
570 2821 606 2880 ad
620 2842 699 2881 arma
712 2832 782 2893 tuo;

92 2927 156 2999 Qui
170 2926 235 2995 tibi,
250 2926 390 3003 bellorum
404 2925 454 3003 qui
468 2922 592 2984 fulniino
605 2935 688 2984 tutus
702 2927 738 2985 ab
751 2927 838 2995 omni,

133 3030 205 3089 Post
219 3029 327 3108 aliquot
340 3050 453 3089 menses
466 3030 663 3090 restituendus
676 3051 733 3090 ero.

90 3135 144 3194 Ne
158 3133 258 3193 dulces
271 3134 340 3192 istos
354 3134 503 3192 contristet
517 3133 602 3192 fletus
615 3135 726 3206 ocellos,

132 3236 220 3296 Mille
234 3237 389 3296 avertendo
402 3237 470 3304 tela,
485 3238 597 3296 cavebit
611 3237 729 3298 Amor.''
