2408 4252
179 396 236 456 148
441 416 522 457 iuna
538 418 603 456 rae
618 418 766 458 romans.

178 552 393 623 Flammarum
415 555 461 613 vel
475 555 569 614 adime
582 544 728 615 murorum
741 558 773 614 in
786 556 929 634 fragmine
943 557 1027 635 prisci

178 656 336 734 Magnifica
350 673 489 737 apparent
503 660 595 737 operis
609 671 805 729 monumenta,
820 660 980 738 domusque

179 761 320 838 Majestas
334 763 461 840 antiqua,
476 764 546 840 ipsis
560 765 723 822 veneranda
736 765 837 823 ruinis.

179 863 212 920 N
213 884 245 923 ec
259 865 358 943 procul
371 866 439 923 hinc
453 866 571 924 excelsa
585 888 674 935 arces,
688 868 869 946 spatiosaque
883 887 947 926 sese

178 966 265 1026 Atria
275 969 399 1044 justitia
412 969 529 1037 tollunt,
545 971 595 1029 nbi
608 971 704 1029 fronte
718 990 817 1029 severa

179 1071 308 1139 Assidet,
324 1082 354 1130 et
368 1072 470 1130 dextra
484 1083 565 1131 tenet
580 1095 690 1152 aequam
705 1074 810 1132 Astrea
824 1073 975 1132 bilancem.

179 1172 271 1233 Tecta
284 1196 370 1254 super
384 1176 489 1254 triplex
505 1177 598 1254 surgit
611 1198 669 1255 qua
682 1178 778 1256 cuspis
792 1179 823 1234 in
837 1188 931 1246 auras,

180 1276 240 1335 Hic
254 1291 340 1356 caput
355 1279 488 1338 effossum
503 1280 617 1338 tumulo
631 1280 719 1339 fixere
732 1281 848 1340 rebellis

179 1381 362 1451 Cromwelli3
383 1382 522 1440 indicium
536 1382 651 1441 sceleris
664 1403 721 1440 non
735 1403 849 1462 prorsus
862 1381 961 1451 inulti,

178 1485 221 1542 At
236 1486 358 1542 nimium
372 1505 441 1543 serae
455 1496 538 1544 tanto
551 1505 602 1561 pro
616 1485 735 1544 crimine
748 1505 850 1562 poenae.

180 1588 244 1645 Has
258 1588 435 1667 praeterlapsi
449 1588 531 1646 sedes
545 1588 721 1646 advertimur
735 1588 796 1646 illic

179 1692 245 1762 Quo
259 1703 363 1749 coeunt
377 1711 516 1769 proceres,
533 1701 566 1749 ut
580 1711 678 1749 curam
692 1690 859 1768 impendere
873 1691 992 1768 possint,

179 1795 221 1853 Et
234 1795 334 1872 patriae
347 1795 529 1872 populisque,
544 1809 574 1853 et
588 1815 633 1852 res
647 1814 816 1871 componere
828 1793 922 1871 regni.

178 1898 285 1956 Nobile
299 1908 357 1957 stat
367 1899 456 1976 juxta
470 1897 594 1966 Fanum,
610 1909 756 1956 structura
768 1897 911 1956 columnis
978 1880 981 1887 ¹

178 2001 290 2069 Ardua,
305 2002 482 2081 principibus
495 2002 624 2061 cinerum
639 2000 778 2059 fidissima
791 2010 904 2059 custos:

180 2105 240 2163 Hic
254 2106 341 2163 nostri
357 2106 501 2188 accipiunt
515 2126 607 2182 reges,
622 2114 791 2182 ponuntque
804 2123 945 2162 coronam.
1053 2128 1064 2158 ι

178 2209 305 2287 Jamque
319 2211 420 2268 domus
434 2209 520 2268 celeri
534 2220 614 2267 motu
628 2207 774 2266 discedere
788 2207 856 2266 visae

178 2313 391 2390 Lambethique
405 2311 489 2380 oedes,
504 2312 610 2389 palatia
624 2310 745 2388 praesule
759 2309 863 2388 digna:

179 2418 221 2476 Et
236 2438 336 2476 canam
350 2416 527 2475 abscondunt
542 2416 642 2495 urbem
656 2415 812 2474 subeuntia
824 2424 916 2492 prata.

180 2521 326 2580 Paulatim
340 2522 460 2597 fugiunt
475 2530 579 2587 turres,
594 2519 757 2597 summique
771 2517 908 2576 videntur

179 2626 313 2682 Diminui
327 2624 501 2701 templorum
514 2624 626 2701 apices;
648 2632 746 2680 manet
761 2621 846 2679 unica
861 2619 948 2678 Pauli

179 2730 221 2788 Et
235 2729 320 2805 longe
334 2726 454 2803 effulget
467 2726 586 2804 reliquis
600 2725 775 2802 conspectior
789 2724 873 2783 sedes.

181 2833 261 2890 Hinc
274 2831 364 2890 tardae
377 2830 491 2909 patiens
504 2848 605 2906 operae,
621 2849 674 2887 nec
687 2828 773 2886 taedia
786 2827 937 2896 damnans,
1010 2879 1012 2882 r

180 2933 307 2992 Piscator
321 2932 397 2990 solus
411 2952 524 2992 summa
537 2932 692 2990 consistere
704 2932 768 3010 ripa

179 3039 325 3104 Cernitur,
339 3037 471 3094 intentus
485 3032 581 3093 studio
594 3034 618 3092 si
633 3033 773 3112 prendere
787 3034 876 3111 possit

180 3139 366 3207 Pisciculum,
380 3138 427 3198 vel
440 3139 514 3197 forte
529 3158 629 3215 vagam
643 3137 669 3194 si
682 3136 783 3196 fallere
796 3137 939 3215 praedam:

180 3242 212 3298 N
213 3263 246 3300 ec
259 3241 369 3319 lepidos
383 3241 456 3299 risus
471 3250 522 3298 aut
536 3240 665 3318 improba
678 3253 834 3298 scommata
847 3251 941 3310 curat,

179 3344 238 3423 Sed
252 3343 359 3402 salibus
372 3343 535 3420 respondet,
551 3353 581 3400 et
595 3343 657 3419 ipse
671 3342 824 3419 aliquando
834 3343 956 3420 jocosus.
